1578 3126
455 212 1104 258 PRAEFATIO.
1408 232 1550 298 xx!

89 334 431 395 declararem,
473 348 535 386 ut
559 347 773 387 ornatus
798 338 940 395 eiuS,
990 338 1281 390 verborum
1317 340 1461 392 dele-

87 443 215 499 ctu„
254 439 509 506 dignitate
543 451 595 490 et
643 442 821 506 copia,
887 440 1224 506 exquisitiore
1265 460 1462 494 eorun-

66 539 206 602 dem
228 541 487 593 structura
508 553 560 592 et
583 544 956 601 collocatione,
997 542 1149 592 docta
1177 543 1458 596 sententia.-

80 660 204 697 mm
238 644 567 705 inverfione‚
624 644 1037 712 ,amplificatione
1078 634 1199 696 caet.
1239 650 1457 713 quaesiti

55 745 281 825 §semina
316 758 366 796 et
407 746 603 797 caussae
636 745 968 811 patescerent.
1050 753 1198 818 Quae
1233 752 1455 815 quidem

71 850 259 900 omnia
294 859 356 899 ut
399 850 500 898 rite
547 847 867 915 assequerer,
934 850 1075 899 nihil
1107 853 1255 916 prius
1295 865 1454 919 atque

73 954 347 1019 antiquius
376 952 568 1014 habui,
621 970 783 1018 quam
812 964 875 1003 ut
910 955 1198 1004 Horatium
1233 972 1357 1005 cum
1390 960 1450 1007 in

70 1058 392 1124 argumentis
414 1067 533 1106 tum
558 1058 617 1106 in
636 1056 854 1123 siugulis
882 1059 1179 1107 carminum
1207 1062 1444 1125 partibus

69 1135 208 1210 milu
232 1160 399 1226 >plane
431 1177 678 1226 graecum
709 1158 965 1227 fingerem
1000 1179 1056 1210 ac
1093 1162 1445 1228 repraesenta-

67 1280 211 1323 rem,
256 1262 562 1329 fontesque,
626 1263 665 1313 fi
700 1282 846 1330 quos·
870 1266 1010 1314 bona
1041 1263 1258 1315 fortuna
1286 1268 1442 1318 nobis

67 1365 262 1417 fecisset
298 1366 560 1433 reliquos,
617 1367 1096 1435 circumspicerem,
1148 1367 1442 1437 seduloque

63 1471 458 1539 investigarem3
517 1471 786 1521 defectum
827 1483 1004 1521 autem
1035 1471 1255 1523 istorum
1295 1493 1440 1525 com-

63 1577 219 1624 muni
250 1578 570 1627 Graecorum
597 1576 860 1642 loquendi
887 1575 989 1626 usu
1033 1573 1103 1625 ad'
1135 1588 1305 1643 partes
1341 1597 1438 1630 vo-

4 1678 10 1692 “
63 1690 182 1737 cato
200 1678 517 1747 supplerem.
595 1682 807 1729 Etenim
834 1678 951 1728 satis
984 1681 1315 1749 exploratum
1345 1682 1433 1742 est,

62 1785 357 1843 Romanos,
394 1785 620 1834 maxime
646 1794 851 1848 poetas,
906 1783 973 1831 ad.
1009 1800 1189 1848 graeca
1220 1786 1434 1851 ingenia

62 1883 166 1934 sese
205 1885 418 1952 prorsus
451 1885 818 1952 composuisse,
869 1903 1152 1953 graecaque
1194 1890 1431 1955 exempla

60 1999 154 2060 aut
180 1990 333 2056 plane
365 1987 642 2055 expressiffe
667 2000 758 2039 aut
782 1991 1040 2041 imitando
1073 1991 1428 2052 adumbrass'e3

58 2104 179 2142 tum
202 2094 505 2152 Horatium,
543 2096 636 2159 qui
661 2111 868 2142 novum
891 2095 1049 2160 lyrici
1071 2095 1315 2145 carminis
1337 2114 1425 2162 ge-

0 2254 14 2271 .
56 2213 159 2247 nus
180 2213 210 2245 e
230 2197 443 2246 Graecia
468 2198 618 2246 Latio
645 2196 865 2246 inferret
880 2235 893 2255 ‚
934 2198 998 2246 ad
1023 2213 1235 2264 graecos
1266 2202 1423 2265 Lyri-

56 2315 145 2350 cos
176 2300 546 2366 exprimendos
573 2299 625 2349 se
655 2299 981 2367 applicuisse,
1042 2301 1239 2350 etiamn
1271 2303 1419 2352 nulla

20 2471 24 2473 λ
53 2401 294 2462 istorum,
330 2421 465 2470 quae
487 2405 565 2453 rei
586 2401 743 2452 fidem
765 2403 1106 2462 adstruerent,
1129 2403 1420 2469 fragmenta

51 2504 392 2573 supereffent,
455 2524 630 2573 neque
662 2506 770 2574 ipse
800 2519 999 2574 aperte,
1058 2507 1203 2556 uude
1240 2507 1416 2573 profe-

49 2607 214 2669 ciffet,
273 2608 551 2670 fateretur,
603 2609 711 2677 ipsa
741 2622 917 2661 tamen
957 2611 1196 2678 plurium
1229 2614 1414 2663 carmi-

821 2716 894 2747 **
935 2731 960 2763 Ω
1277 2731 1410 2763 num
