1578 3126
399 205 1046 270 PRAEFATIO.
1305 222 1403 259 :tx-1

101 353 106 361 ·
159 333 422 386 Codicum
450 343 500 381 et
525 331 656 381 Edd.
694 332 1001 390 elenchum,
1038 331 1151 380 Iani
1180 334 1407 404 maxime

46 436 306 488 industria
341 437 720 487 concinnatum
763 436 888 485 huic
937 433 1248 501 praefationi
1286 434 1409 486 sub-

47 541 270 606 iungere
307 540 529 605 placuit,
581 537 805 603 satisque
855 538 1044 596 habui,
1101 538 1228 586 hinc
1267 538 1410 598 inde,

41 630 274 699 ‚maxime
298 643 356 690 in
380 642 609 705 antiquis
633 641 991 700 editionibus,
1042 659 1070 689 a
1103 642 1298 707 quibus
1332 644 1415 691 in·

50 744 297 795 structior
328 746 496 800 eram,
520 743 803 791 nonnulla
837 742 1117 808 refingere,
1168 742 1414 809 supplere

51 858 206 912 atque
238 843 546 894 emendare:
590 844 738 911 quod
766 843 941 910 ipsum
972 846 1109 895 mihi
1140 847 1415 897 interdum

10 951 12 953 ’
49 948 168 999 satis
192 947 467 999 molestiae
486 948 660 997 attulit
670 966 684 1008 ;
741 965 1065 1014 quamquam
1090 949 1177 998 vel
1206 949 1274 998 fic
1303 955 1413 1001 Ho-

49 1054 240 1103 ratia'ni
267 1056 439 1102 textus
465 1050 738 1101 historiam
761 1053 983 1100 minime
1026 1052 1092 1101 ad.
1141 1054 1414 1119 liquidum

50 1155 360 1224 perductam
395 1152 492 1204 effe
527 1154 637 1221 ipse
672 1156 838 1221 probe
869 1156 1174 1221 intelligam.
1271 1162 1415 1207 Tum

14 1319 24 1326 „
53 1262 218 1309 vitam
244 1268 457 1325 poetae,
516 1276 544 1306 a
575 1257 815 1308 Maffono
837 1259 1027 1324 ‘ampla
1069 1258 1308 1309 doctrina
1335 1262 1419 1310 in-

0 1355 5 1359 ⁴
54 1362 327 1421 structam,
370 1362 432 1410 ab
467 1361 656 1411 eodem
688 1372 864 1411 autem
890 1365 1002 1411 Iani
1029 1361 1151 1412 scite
1178 1365 1238 1413 in
1272 1382 1416 1414 com·
1456 1373 1458 1376 ’

54 1466 315 1542 pendium
339 1465 600 1515 redactam
628 1449 854 1526 subieci;
910 1483 1046 1532 quae
1076 1468 1164 1517 vel
1194 1466 1304 1517 fola
1338 1485 1418 1517 ar-

55 1561 433 1638 gumentorum
454 1565 649 1622 affatim
676 1568 989 1636 suppeditat,
1030 1589 1189 1637 quam
1206 1570 1416 1621 infirma

59 1674 281 1725 omnino
304 1675 530 1724 Bentleii
556 1684 858 1740 temporum
879 1673 940 1722 fit
969 1677 1129 1734 ratio,
1171 1693 1276 1740 qua
1308 1680 1420 1724 Ho-

57 1778 254 1826 ratium
291 1778 576 1843 'p'rimum‚
650 1777 812 1843 idque
863 1779 1012 1827 annis
1069 1780 1245 1828 aetatis
1303 1777 1422 1829 suae

58 1880 224 1939 XXVI
238 1906 302 1917 -
316 1881 564 1938 XXXIII„
601 1881 944 1931 Sermonibus
957 1918 971 1939 ,
1007 1880 1184 1947 postea
1201 1883 1421 1933 biennio

58 1982 284 2049 Epodis‚
332 1975 524 2032 deinde
555 1981 753 2051 septem
780 1986 929 2034 annis
959 1986 1128 2035 tribus
1155 1987 1426 2052 prioribus

12 2156 15 2159 X
62 2086 375 2136 Carminum
411 2086 588 2146 libris,
650 2098 764 2137 tum
794 2087 1149 2154 Epistolarum
1188 2090 1327 2140 libro
1369 2093 1425 2149 1.‚

60 2189 189 2238 inde
226 2191 535 2259 carminum
564 2191 726 2240 Libro
764 2193 846 2240 IV.
873 2203 923 2240 et
946 2193 1234 2251 Saeculari,
1275 2193 1425 2242 deni-'-

0 2379 7 2399 ἦ

0 2410 14 2472 ἑ

62 2310 168 2359 que
205 2295 320 2344 Arti
351 2304 402 2341 et
434 2291 787 2359 Epistolarum
817 2295 979 2345 Libro
1013 2298 1071 2344 ΙΙ.
1106 2294 1424 2346 univacaffe

63 2395 419 2447 demonstrare
447 2408 661 2447 conatus
699 2396 783 2446 est.
872 2401 1119 2465 Denique
1151 2417 1274 2449 cum
1309 2398 1429 2449 fru-

0 2503 28 2569 {5}
63 2509 177 2558 ctu,
223 2511 502 2568 antequam
540 2500 606 2550 ad
643 2500 1055 2567 ipsam-Horatii
1092 2502 1272 2569 poesin
1317 2505 1428 2552 :mi-

0 2573 15 2655 Ξ
48 2594 181 2654 ’ωας
204 2613 572 2662 convertatur,
625 2605 730 2672 legi
751 2608 946 2671 poterit
977 2607 1190 2658 libellus
1225 2608 1290 2659 R.
1322 2622 1428 2657 van

0 2669 15 2785 ζ
1300 2714 1427 2759 Om-
1511 2712 1514 2714 ’

0 2855 15 2913 s

0 3003 23 3126 ἰ
