1578 3126
195 252 253 285 ιν
542 198 1166 285 PRAEFATIO.

195 362 420 426 praetexi
451 359 599 409 facile
644 356 735 406 fibi
775 356 1088 406 cordatiores
1126 346 1522 422 persuadebunt,

195 460 232 508 fi
261 479 345 509 me
376 478 485 510 non
510 459 815 509 translaticie
851 474 1069 507 munere
1103 450 1398 523 interpretis
1434 456 1523 504 de·-

190 559 497 609 functurum
531 561 686 616 olim,
726 576 919 624 quum,
958 575 1083 622 quas
1113 568 1279 622 partes
1306 558 1442 606 milii
1465 557 1525 605 in

193 654 559 710 curando‘hoe
592 662 804 725 negotio
842 659 1059 725 agendas
1092 658 1412 731 tuendasque
1435 633 1551 706 ‹ie-³

190 757 463 819 stinaffem,
498 760 777 827 specimine
800 762 976 825 aliquo
1008 760 1250 824 evulgato
1274 749 1526 824 explicare
1552 749 1555 754 ⁷

147 894 150 897 Δ
192 862 478 920 anniterer,
551 862 763 928 publice
830 858 1111 926 profess'um
1176 843 1522 909 meminerint.

191 966 357 1031 Quam
381 961 763 1028 professionem,
802 979 923 1010 cum
943 959 1128 1010 iustam
1152 975 1336 1024 operae
1351 995 1366 1017 ,
1394 980 1397 986 ²
1418 929 1530 1008 He*

144 1095 147 1098 Δ
191 1066 351 1122 ratio,
400 1064 679 1113 doctiffimo
706 1074 912 1128 poetae,
958 1079 985 1109 a
1015 1078 1100 1109 me
1130 1058 1524 1126 impendendae,
1544 1054 1548 1102 Ῐ

193 1165 589 1230 descriptionem
609 1148 901 1230 expromat,
952 1163 1039 1210 hic
1067 1159 1420 1227 reponendam
1447 1158 1548 1210 iu-‘

191 1265 388 1325 dicavi,
435 1281 542 1331 quo
570 1266 890 1315 luculentius
927 1263 1052 1312 inde
1091 1261 1243 1311 fimul
1274 1271 1545 1327 appareat,

192 1378 386 1432 quanto
412 1366 584 1416 studio
606 1368 654 1414 ei
674 1383 728 1414 re
750 1365 857 1432 ipsa
875 1361 1033 1414 fidem
1056 1363 1316 1414 adstruere
1337 1363 1527 1414 allabo-

191 1471 428 1519 raverim.

301 1572 467 1635 Igitur
499 1585 813 1635 quamquam
850 1568 921 1625 is,
969 1568 1063 1633 qui
1089 1576 1270 1632 poetae
1305 1565 1524 1616 alicuius

135 1742 140 1751 Ι
190 1673 348 1721 verba
369 1689 424 1720 ac
443 1670 647 1719 sensum
670 1669 942 1720 commode
973 1680 1125 1733 atque
1148 1666 1413 1733 perspicue
1441 1683 1535 1731 eir-¹

190 1775 370 1840 plicat,
427 1773 556 1825 boni
595 1771 812 1820 omnino
846 1747 1140 1834 interpretis
1178 1778 1344 1834 partes
1378 1737 1542 1816 susti:

191 1873 356 1924 nuiffe
381 1850 553 1922 videri
585 1872 763 1930 debet3
820 1872 879 1919 in
914 1871 1129 1919 Horatio
1160 1878 1333 1918 tamen
1364 1870 1527 1917 maio-

190 1992 299 2026 rem
333 1990 598 2039 campum,
643 1975 702 2022 in
727 1989 834 2037 quo
865 1970 966 2019 sese
992 1979 1244 2029 exerceat,
1294 1955 1531 2036 apertnm

194 2078 288 2127 fibi
310 2073 595 2124 existimare
616 2073 783 2130 debet,
819 2086 1092 2137 quumque
1117 2072 1360 2120 Horatius
1386 2073 1430 2120 is
1452 2071 1527 2131 fit,

190 2173 284 2247 per
323 2193 481 2242 quem
512 2178 775 2224 Romanae
814 2172 1026 2239 poeseos
1050 2168 1279 2220 maiestas
1318 2154 1543 2237 steterit,¹

194 2282 288 2346 qui
315 2279 550 2344 linguam
575 2275 743 2331 suam,
798 2274 980 2331 Ennii,
1021 2273 1251 2321 Lucretii
1278 2264 1527 2321 aliorum-

195 2398 295 2448 que
329 2378 597 2430 conatibu's
629 2385 831 2424 tanturn
863 2372 1183 2430 exasciatam,
1258 2371 1543 2421 feliciffimi

193 2482 394 2548 ingenii
416 2480 540 2530 lima
570 2475 934 2543 perpoliverit,
985 2490 1202 2538 eamque
1223 2474 1287 2521 ad
1309 2475 1526 2522 Graecae

193 2582 404 2650 poeseos
463 2580 678 2646 genium
726 2575 1039 2626 inflectendo
1089 2572 1528 2638 informandoque

366 2654 384 2680 r
1373 2675 1542 2728 novis,
