1578 3126
210 266 244 295 x
566 244 1198 289 PRAEFATIO*

220 387 457 439 quaeque
509 369 604 417 hac
653 381 793 414 nova
850 364 1082 413 editione
1130 363 1318 431 affequi
1365 365 1557 415 studui.

219 479 336 542 Quo
372 474 535 537 igitur
559 468 762 517 Horatii
791 468 1013 515 carmina
1050 478 1172 515 cum
1203 465 1352 516 sensu
1370 469 1558 531 *aliquo

221 572 285 621 ad
322 573 549 636 lyricum
583 567 823 632 spiritum
853 577 1184 631 attemperato
1217 568 1323 632 legi
1347 566 1562 633 peffentg

222 688 431 736 unaque
457 669 549 717 ista
585 685 739 732 opera
766 667 1015 716 felicioris
1049 655 1245 716 indolis
1273 667 1563 723 adolescens

223 773 364 822 tibus
411 770 688 834 ingenium
731 767 986 832 fingendi4
1049 769 1561 833 pulchritudinisque

223 871 373 922 sensu
397 869 670 918 imbuendi
695 870 841 934 copia
865 867 1035 925 fieret,¹
1079 870 1136 916 i'n
1159 886 1226 929 eo
1253 868 1566 934 potiffimum

227 974 362 1023 mihi
383 970 755 1019 elaborandum
775 970 1032 1025 intellexi,
1078 980 1139 1017 ut
1170 971 1419 1018 virtutem
1439 985 1564 1034 poe-

234 1085 311 1122 tae
339 1072 581 1136 lyricam,
619 1071 668 1118 h.
701 1051 1008 1117 universum
1043 1071 1298 1134 cuiusque
1328 1072 1570 1126 carminis*

229 1174 468 1221 habitum
498 1181 548 1218 et
578 1169 824 1219 incelsum
857 1169 1177 1234 expedirem,
1220 1169 1564 1234 dispositionis

231 1284 390 1321 artem
412 1271 712 1328 enodarem,
767 1271 985 1318 celerem
1012 1287 1066 1317 ac
1099 1271 1397 1320 liberiorem
1421 1273 1566 1336 inge-

230 1375 308 1422 nii
326 1382 530 1421 motum
551 1389 606 1419 ac
626 1373 958 1436 praecipitem
982 1371 1110 1441 adeo
1138 1374 1417 1436 impeturn,
1456 1389 1564 1436 quo

233 1483 600 1538 argumentum
658 1472 810 1520 suum
851 1471 1069 1520 subinde
1121 1472 1355 1521 devolvit
1401 1482 1567 1541 poeta,

235 1572 588 1640 persequerer,
629 1573 958 1636 eundemque
976 1572 1377 1622 enthufiasmum
1403 1575 1460 1622 in
1483 1590 1568 1638 ge-

234 1672 506 1723 nerofioris
538 1689 700 1722 venae
727 1674 949 1736 ingeniis
982 1676 1250 1723 excitarem
1283 1685 1334 1722 et
1367 1673 1569 1722 inflam-

235 1789 454 1830 marem,
503 1773 917 1837 phantasmatum
947 1775 1059 1821 vim
1089 1791 1146 1821 ac
1181 1777 1460 1833 rationem,
1502 1793 1569 1825 ne

236 1873 430 1924 incerta
448 1871 710 1922 fluitarent
722 1911 735 1931 ‚
782 1875 1120 1938 animumque
1140 1873 1352 1924 obseura
1369 1885 1569 1926 tantum

237 1986 326 2024 aut
359 1975 576 2024 omnino
607 1993 736 2023 vana
781 1975 969 2040 specie,
1033 1977 1338 2024 umbrarum
1374 1987 1572 2028 tactum

239 2074 612 2140 refugientium
635 2076 815 2134 instar,
856 2076 1191 2134 deluderent,
1227 2076 1456 2126 sollerter
1484 2096 1569 2126 ex-

238 2179 497 2242 planarem
509 2194 523 2235 ;
563 2187 677 2224 tum
696 2176 1014 2242 singularum
1037 2179 1258 2243 partium
1276 2178 1568 2228 adornatio-

240 2293 361 2325 nem
411 2287 461 2324 et
508 2279 860 2326 tractationem
910 2290 1227 2336 excuterem,
1285 2288 1571 2344 earumque

239 2377 419 2426 iustam
444 2394 564 2426 cum
589 2380 724 2426 inter
748 2379 795 2427 se
825 2387 938 2428 tum
967 2397 1085 2428 cum
1117 2382 1364 2445 primario
1388 2382 1569 2428 carmi-

238 2480 319 2526 nis
383 2490 686 2544 argumento
749 2483 1162 2541 convenientiam
1223 2467 1571 2549 ostenderem}

239 2578 466 2645 denique
503 2579 753 2647 sermonis
795 2584 949 2648 lyrici
993 2584 1103 2630 vim
1143 2593 1193 2630 et
1225 2581 1457 2631 indolem
1498 2584 1567 2630 ita

1480 2683 1568 2731 de-
