1578 3126
204 191 248 220 11
551 170 1182 216 PRAEFATIO.

206 296 447 363 impediti
469 296 663 360 operis,
705 294 853 341 cuius
881 290 1194 356 perficiundi
1222 294 1422 357 aliquot
1452 297 1539 345 ab·

204 403 331 451 hinc
362 398 507 446 anuis
537 395 746 460 publice
775 411 970 442 nomen
998 392 1247 458 professus
1282 394 1421 454 sum,
1460 396 1540 445 di-

206 501 368 551 midia
396 507 562 562 parte,
617 495 826 552 eodem,
882 497 1128 559 inquam,
1177 512 1262 546 me
1293 496 1541 546 constitu-

207 615 323 652 tum
352 601 499 654 loco,
547 596 836 660 eodemque
869 593 1056 644 affectu
1084 613 1168 644 me
1202 598 1387 646 intime
1421 615 1539 664 per-

206 701 394 752 tentari
411 697 587 746 sentio.
659 699 826 761 Atque
845 684 977 744 huic
994 698 1209 760 quidem
1226 707 1368 747 tanto
1387 713 1541 747 excu-

209 805 362 853 satius
419 798 691 862 indulgere
748 798 885 845 mihi
931 799 1085 846 licere
1129 799 1375 856 arbitror,
1433 800 1540 862 quo

207 903 406 971 potiori
429 902 544 947 iure
570 915 597 946 a
625 915 711 945 me
737 897 986 962 postulari
1015 897 1150 962 posse
1181 900 1445 963 intelligo,
1484 908 1544 946 ut
1568 907 1578 930 ’-

207 1003 435 1052 absoluta
460 1015 678 1063 operum
704 1000 931 1054 Horatii,
977 1015 1108 1061 quae
1139 997 1341 1062 Lyricis
1375 1002 1542 1047 conti-

207 1112 424 1157 nentur,
484 1109 627 1163 parte
659 1099 932 1146 collocatae
962 1115 1105 1145 meae
1136 1099 1192 1146 in
1224 1099 1540 1148 illustrandis

206 1206 271 1251 iis
295 1180 478 1265 operae
495 1198 711 1247 modum
737 1215 791 1245 ac
811 1200 1033 1247 rationes
1052 1201 1109 1246 in
1130 1198 1344 1248 istorum
1366 1198 1546 1271 fronte·

193 1303 486 1366 *diligenter
516 1315 769 1363 exponam
804 1317 860 1346 ac
894 1298 1207 1364 praefiniam.
1297 1303 1400 1351 Cui
1426 1303 1542 1366 qui-

210 1404 330 1451 dem
351 1411 490 1448 tanto
515 1401 789 1463 prolixiori
812 1402 986 1450 animo
1011 1402 1257 1460 concedo,
1296 1419 1400 1466 quo
1421 1402 1546 1450 faci-

210 1506 314 1551 lius
345 1518 428 1550 me
450 1502 519 1547 ita
544 1496 853 1548 effecturum
883 1501 1056 1566 spero,
1106 1503 1252 1567 quod
1274 1503 1390 1552 sane
1423 1521 1547 1570 pru-

213 1604 393 1652 dentes
450 1612 605 1663 atque
652 1601 871 1658 idoneos}
923 1596 1263 1654 aestimatore&
1309 1604 1416 1669 ipsa
1468 1621 1548 1653 res

212 1712 423 1758 monet,
458 1711 520 1748 ut
547 1702 634 1750 vel
663 1703 727 1750 iis
759 1704 1232 1768 indignatiunculas
1263 1705 1375 1756 suas
1398 1723 1549 1754 excu-

211 1807 362 1861 tiam,
411 1802 859 1866 tardationemque
887 1820 1058 1851 meam
1091 1806 1398 1868 approbem,
1453 1808 1549 1870 qui

214 1923 277 1954 ex
297 1903 390 1953 [uo
408 1905 649 1968 ingenio,
690 1922 797 1968 quo
824 1903 919 1968 ipfi
941 1904 1103 1952 calide
1130 1915 1308 1970 coepta
1335 1905 1552 1955 calidius

216 2007 559 2070 deproperare
592 2003 826 2062 assolent,
894 2021 1006 2053 rem
1036 2008 1192 2054 nimis
1234 2007 1374 2054 lente
1417 2005 1553 2053 trahi

219 2109 581 2172 opinarentur,
620 2115 773 2169 atque
798 2105 926 2154 adeo
944 2108 1006 2174 in
1028 2108 1175 2154 incili
1201 2107 1410 2162 haerere
1430 2105 1552 2154 sub-

216 2209 342 2255 inde
378 2207 706 2254 clamitarent.
799 2207 1003 2274 Quibus
1036 2208 1280 2273 equidem
1316 2207 1552 2258 clamori-

217 2310 316 2357 bus
348 2318 551 2355 tantum
581 2306 742 2364 abest,
796 2318 859 2355 ut
890 2308 951 2354 ab
988 2282 1218 2355 instituta
1257 2309 1344 2356 via
1375 2295 1554 2356 (letur-

220 2411 331 2457 bari
362 2425 446 2458 me
472 2406 637 2473 pallus
668 2407 786 2465 fim,
836 2420 925 2457 aut
963 2407 1162 2457 consilii
1193 2410 1301 2455 mei
1331 2409 1553 2456 rationes

221 2508 502 2567 confundi,
552 2519 612 2557 ut
651 2511 850 2574 potius,
914 2528 1021 2576 quo
1064 2510 1274 2577 longius
1310 2508 1557 2574 procede-

1443 2627 1555 2660 rem
