1578 3126
214 174 293 207 xn
618 176 725 207 VDE
779 175 1129 210 HoRATII

215 298 310 330 ante
330 299 460 330 artem
478 291 709 342 poeticam:
745 291 910 343 Incipit
927 290 1246 344 liber·'poe‘ticae.
1263 292 1355 334 'Ars
1379 295 1542 346 poetica

215 356 346 395 statim
369 356 549 408 sequitur
567 356 750 408 Epodos.
821 357 985 397 Scholia
1006 359 1050 396 in
1073 355 1205 411 prima
1226 369 1338 412 parte
1358 359 1541 412 pauciffi-

212 435 303 468 ma,
338 423 383 461 in
406 424 530 461 altera
549 423 676 473 plura,
710 423 834 461 etiam
855 437 877 462 a
894 425 1027 477 prima
1045 438 1195 472 manu3
1230 439 1252 465 a
1269 439 1349 479 qua
1369 434 1412 464 et
1428 426 1541 466 codi-

214 489 272 528 cis
290 488 500 540 inscriptio
522 487 598 526 est:
638 487 736 545 Opa
758 488 918 542 Orac-y.-
955 491 1050 528 icem
1066 492 1243 542 poetria.
1271 536 1281 540 ⁴

317 547 674 611 (lodexfiecundus
701 555 878 607 (pulpit.
898 557 930 595 Ι.
964 570 1006 595 n.
1031 557 1150 607 58.),
1189 558 1540 604 membranaceus,

209 619 255 657 in
274 625 319 669 4.
341 617 438 657 folia
457 619 611 662 habens
633 620 764 667 CXV;
792 635 889 676 nam
905 623 1089 674 primum
1107 621 1258 663 folium
1278 623 1543 676 deperditum

208 685 287 729 est,
322 693 370 722 ut
389 698 501 724 nunc
521 686 652 724 codex
675 687 847 739 incipiat
865 702 886 726 a
910 702 952 727 v.
979 697 1037 739 58
1060 690 1158 729 odes
1186 688 1241 728 11.
1312 690 1427 731 Folia
1455 703 1543 730 non

211 751 383 804 fignata;
417 752 617 803 quaedam
642 762 685 791 et
711 766 733 791 a
776 753 1013 808 bibliopego
1044 763 1287 807 permutata.
1367 748 1544 796 octonis

212 817 397 856 constant
414 819 639 870 manipuli,
674 827 832 871 praeter
849 821 951 859 XIII
974 829 1016 860 et
1035 822 1132 867 XV,
1173 822 1244 874 qui
1261 821 1417 862 habent
1434 821 1540 866 sena.

211 883 296 922 Eos
319 885 554 936 manipulos
568 883 691 923 serior
708 898 852 926 manus
870 888 916 924 in
935 887 1076 926 infima
1093 889 1227 940 prima
1247 889 1396 942 pagina
1413 888 1542 942 figna-

210 950 296 993 vit,
342 949 408 988 19.
439 950 508 987 11⁹
537 958 612 990 cet.
682 951 745 989 Ab
775 965 856 991 una
884 966 1012 991 manu
1043 962 1157 993 totus
1186 955 1318 993 codex
1349 953 1427 999 est,
1473 953 1542 993 sed

209 1016 488 1069 negligentior
505 1014 619 1067 saepe
642 1015 766 1055 scriba
783 1020 986 1070 proditur,
1019 1018 1157 1059 verbis
1179 1027 1249 1057 aut
1267 1018 1440 1073 integris
1452 1033 1543 1059 ver-

204 1080 315 1120 sibus
335 1080 490 1120 omiffis
503 1109 513 1126 ,
539 1081 629 1133 post
646 1083 695 1120 ab
715 1084 796 1122 alio
819 1083 1030 1136 suppletis.
1066 1084 1154 1124 Nec
1173 1085 1332 1124 litterae
1351 1085 1426 1124 fibi
1447 1099 1542 1126 con·

205 1147 331 1192 stant,
367 1161 503 1199 neque
522 1156 811 1189 atramentum.
886 1151 1043 1190 Vocum
1072 1151 1322 1203 compendia
1347 1152 1538 1204 plurima.

206 1213 477 1267 Diphthongi
503 1214 664 1266 plures,
710 1229 833 1267 quam
860 1218 904 1254 in
933 1217 1078 1256 ceteris
1106 1217 1259 1262 tribus,
1307 1219 1541 1272 geminatae

196 1268 367 1319 'litterae
385 1281 613 1332 pauciores.
658 1281 774 1334 Quae
797 1284 960 1327 omnia,
997 1284 1217 1323 coniuncta
1232 1285 1423 1336 inprimis
1438 1297 1541 1324 cum

206 1345 423 1398 scripturae
442 1345 585 1398 specie,
606 1346 776 1386 suadent
793 1349 979 1388 codicem
999 1350 1047 1388 ad
1069 1347 1272 1388 saeculum
1284 1350 1364 1389 XII
1374 1349 1539 1407 referre,

206 1421 251 1452 et
278 1413 425 1451 habere
453 1425 527 1464 pro
551 1413 830 1465 antiquissimo
853 1415 1122 1467 Lipsiensi‘um
1143 1424 1330 1468 quatuor.
1386 1417 1540 1457 Lineae

204 1480 251 1518 iri
270 1479 426 1532 singula
442 1480 588 1532 pagina
609 1480 753 1519 ductae
775 1482 960 1520 XXXIV.
1006 1483 1191 1522 Initiales
1211 1481 1404 1526 versuum
1425 1484 1541 1522 alter·

205 1559 261 1584 ne
286 1546 431 1584 rubrae
463 1554 504 1584 et
531 1554 663 1593 atrae3
722 1548 816 1586 illae
846 1549 1076 1586 carminum
1105 1557 1146 1587 et
1173 1548 1374 1588 librorum
1394 1549 1538 1601 pictae,

204 1611 272 1650 sed
295 1620 378 1650 arte
396 1612 504 1650 rudi.
554 1611 678 1651 Nulla
698 1612 899 1652 librorum
919 1615 1079 1658 divisim
1114 1615 1219 1653 nulli
1239 1617 1419 1654 numeri.
1455 1616 1539 1656 Pro

203 1677 543 1730 inscriptionibus
570 1680 801 1718 carminum
816 1679 940 1719 solius
963 1681 1086 1719 metri
1102 1681 1404 1735 designationes
1433 1681 1538 1727 sunt,

206 1745 343 1782 minio
372 1743 562 1796 scriptae,
620 1744 686 1783 sed
717 1746 827 1784 lectu
854 1745 1059 1791 difficiles,
1110 1745 1239 1798 saepe
1257 1749 1381 1786 etiam
1406 1746 1538 1788 salsae.

205 1810 369 1850 Scholia
397 1809 539 1862 passim
566 1810 731 1854 adsunt,
767 1811 831 1851 sed
865 1825 1010 1864 pauca,
1062 1824 1140 1850 nec
1163 1814 1288 1852 multi
1312 1815 1537 1854 momenti.

203 1876 282 1916 Ars
304 1878 466 1928 poetica
485 1876 541 1915 est
559 1878 668 1915 inter
688 1877 797 1916 Odas
817 1887 859 1917 et
882 1879 1074 1930 Epodou‚
1110 1878 1314 1930 Epistolfie
1333 1888 1428 1919 ante
1450 1882 1540 1920 Ser-

203 1956 366 1982 mones,
401 1944 516 1982 Folia
532 1945 730 1995 quaedam
743 1944 791 1983 ab
814 1945 935 1985 initio
957 1954 999 1984 et
1018 1946 1063 1983 in
1078 1945 1160 1984 fine
1176 1945 1253 1984 fitu
1268 1955 1311 1986 et
1325 1947 1539 1989 vermibus

201 2010 431 2048 admodum
455 2018 644 2061 corrupta
675 2010 780 2050 sunt.

307 2075 607 2114 Codextertms
625 2077 789 2128 (pulpit.
807 2078 840 2116 I
863 2091 905 2116 n.
928 2076 1038 2130 39.)‚
1059 2078 1440 2125 membranaceus,
1427 2094 1472 2119 m
1493 2086 1538 2132 4.

203 2142 301 2187 Fuit
324 2142 426 2180 olim
447 2142 610 2181 Nicolai
633 2143 802 2189 Heinsii,
838 2143 950 2196 (Vid.
974 2146 1061 2183 eius
1085 2144 1212 2183 Catal.
1235 2145 1284 2184 P.
1307 2146 1364 2185 11.
1387 2145 1538 2200 p.39.)

204 2221 229 2246 e
249 2209 365 2246 cuius
384 2208 636 2247 bibliotheca
656 2210 834 2248 redemit
855 2211 916 2250 Fr.
937 2211 1095 2250 Bened.
1123 2210 1381 2263 Oarpzovius
1408 2214 1540 2265 (quod

201 2274 271 2313 hic
294 2274 377 2327 ipse
409 2273 604 2327 notavit),
634 2276 746 2314 unde
770 2277 811 2314 in
843 2276 1036 2317 biblioth.
1059 2275 1182 2316 senat.
1203 2279 1410 2330 pervenit.
1460 2280 1541 2318 Ha·

205 2340 278 2380 bet
304 2341 434 2380 codex
465 2341 659 2380 LXXXII
691 2340 808 2387 folia,
855 2342 1026 2395 superne
1056 2344 1240 2382 numeris
1275 2357 1310 2388 1,
1332 2355 1373 2390 2,
1399 2354 1441 2396 5,
1459 2354 1537 2386 cet,

202 2407 358 2461 signata
378 2411 641 2459 (quamquam
669 2409 807 2447 XVIII
830 2410 975 2448 ultima
995 2409 1169 2464 elegiam
1203 2411 1424 2450 continent
1451 2410 1541 2450 scri-

200 2475 334 2526 ptoris
354 2475 617 2519 recentioris,
651 2471 721 2513 ‘cui
743 2476 786 2512 in
811 2476 892 2515 fine
912 2475 1122 2514 additum:
1157 2475 1350 2526 Explicit
1382 2477 1542 2517 Yronia

204 2535 456 2597 Ganfridi);
491 2553 669 2592 quorum
691 2543 854 2580 octonis
873 2542 1057 2581 constant
1075 2542 1297 2594 manipuli?
1331 2556 1435 2596 quos
1451 2557 1538 2582 non

202 2604 335 2645 solum
360 2608 406 2645 in
432 2609 515 2646 ima
542 2608 692 2663 pagina
722 2608 870 2649 litteris
901 2622 940 2655 a,
970 2606 1009 2654 b,
1036 2621 1058 2646 c
1097 2617 1174 2648 cet.
1203 2609 1379 2663 signavit
1413 2611 1539 2662 primi

1384 2676 1540 2716 librarii
