1578 3126
161 204 217 235 v1
517 163 1141 241 PRAEFATIO.

152 312 279 364 sello
305 318 518 365 Baxtero
546 316 793 362 lectorem
827 313 1022 380 frigore
1052 316 1226 378 feriet;
1274 330 1363 368 aut
1392 320 1488 376 ubi
1538 379 1546 391 x

149 417 289 464 :inter
306 420 448 466 Deos
471 434 550 464 res
575 417 678 480 agi,
723 418 958 465 Deorum
995 418 1251 470 consortio
1282 433 1489 486 poetam

150 516 290 575 frui,
349 535 435 567 eos
460 518 637 566 videre
654 552 668 573 ,
711 517 909 581 alloqui
936 517 1145 578 sentiet,
1192 517 1350 574 fidem
1373 523 1486 571 eius

150 620 230 668 rei
266 619 451 667 eodem
496 629 703 667 auctore
733 619 942 683 Apellae
986 619 1202 679 Iudaeo,
1261 623 1356 686 qui
1386 622 1510 671 hoc*

154 721 352 779 credat,
403 724 738 776 transmittet:
791 718 880 766 sed
902 720 1088 769 eodem
1121 732 1384 772 contactus
1416 721 1489 770 af·-

149 821 406 887 flatusque
436 820 622 886 spiritu
665 821 893 870 eundem
931 823 1284 872 commotioris
1327 824 1488 871 animi

149 922 353 972 sensum
375 934 425 971 et
446 925 504 971 in
527 923 637 971 aliis
661 924 879 979 excitare
905 924 1188 972 conabitur.
1229 928 1295 973 Et
1315 912 1484 988 quum
1535 984 1537 987 v

150 1026 249 1073 tria
272 1023 587 1089 potiffimum
607 1024 860 1088 interpres
885 1026 1196 1074 Horatianus
1213 1026 1271 1073 in
1297 1026 1485 1088 quovis

150 1127 375 1175 carmine
394 1124 615 1190 spectare
635 1116 840 1182 debeat,
881 1126 1267 1183 inventionem,
1294 1135 1487 1174 tracta-

150 1230 374 1285 tionem,
411 1227 789 1284 elocutionem3
838 1227 1060 1292 primam
1079 1226 1370 1293 impositam
1393 1225 1487 1274 fibi

152 1327 379 1380 censebit
413 1345 589 1378 curam
618 1329 676 1375 in
712 1328 1022 1393 exponendo
1061 1330 1300 1377 carminis
1329 1342 1486 1393 'argu-

146 1443 348 1488 mento‚
386 1429 723 1494 dispicietque
737 1466 750 1487 ‚
784 1446 916 1477 num
939 1430 1135 1494 primae
1157 1431 1269 1479 eius
1290 1429 1352 1478 ab
1373 1428 1503 1494 ipso'

150 1534 335 1583 ductae
364 1532 462 1581 fint
491 1532 683 1587 lineae,
736 1547 801 1579 an
836 1532 1111 1596 praecipua
1139 1512 1483 1580 inventiflaus

147 1652 328 1701 graeco
354 1634 511 1681 alicui
532 1643 712 1697 poetae
736 1630 1014 1679 deferenda
1038 1631 1122 1690 fit,
1163 1643 1238 1690 et,
1276 1630 1312 1679 si
1342 1648 1484 1696 grae-

148 1754 269 1784 cum
302 1735 562 1798 exemplar
584 1743 698 1780 ante
732 1733 911 1781 oculos
938 1733 1201 1791 habuerit,
1248 1751 1377 1782 num
1409 1733 1482 1791 id,

146 1838 294 1903 quod
334 1833 647 1883 imitandum
675 1832 769 1881 fibi
813 1832 1176 1898 proposuerat,
1234 1832 1482 1882 affecutus

148 1941 237 1996 fit,
277 1938 363 1986 vel
390 1937 651 1983 ornatiore
675 1935 923 1984 orationis
947 1935 1155 1992 habitu,
1207 1932 1483 1994 aut-subti-

144 2042 270 2091 liori
287 2037 600 2086 tractationis
626 2035 840 2084 artificio
859 2034 1140 2102 superarit,
1175 2053 1242 2084 an
1262 2037 1478 2106 omnino
1541 2061 1544 2065 <

143 2142 364 2191 inferior
386 2135 672 2194 discesserit,
710 2137 1032 2186 diiudicabit.
1109 2140 1241 2187 Mox
1260 2139 1337 2185 rei
1363 2154 1480 2202 per-

141 2251 376 2292 tractatae
402 2241 658 2287 rationem
688 2238 1120 2303 expositionisque
1152 2239 1372 2288 virtutes
1401 2257 1482 2297 ac-

142 2354 315 2394 curate
357 2344 603 2405 exponet,
661 2350 712 2386 et
750 2341 809 2388 in
850 2338 1173 2405 expediendo
1209 2339 1480 2390 sententia-

141 2463 264 2495 rum
296 2459 435 2492 nexu
467 2422 697 2498 docebit,
747 2459 879 2507 quae
926 2439 1197 2505 pedestris,
1255 2452 1304 2489 et
1347 2457 1479 2507 quae
1550 2468 1553 2471 ·

141 2547 342 2614 poetica
363 2544 477 2597 eius
506 2541 566 2591 [it
587 2543 733 2591 ratio.
812 2547 952 2592 Tum
971 2541 1034 2590 ad
1054 2540 1215 2607 ipsam
1236 2545 1479 2592 carminis

1321 2644 1479 2692 inter-
