<?xml version="1.0" encoding="UTF-8"?>
<!DOCTYPE html PUBLIC "-//W3C//DTD XHTML 1.0 Transitional//EN"
    "http://www.w3.org/TR/xhtml1/DTD/xhtml1-transitional.dtd">
<html xmlns="http://www.w3.org/1999/xhtml" xml:lang="en" lang="en">
 <head>
  <title>
</title>
<meta http-equiv="Content-Type" content="text/html;charset=utf-8" />
  <meta name='ocr-system' content='tesseract 3.04.00' />
  <meta name='ocr-capabilities' content='ocr_page ocr_carea ocr_par ocr_line ocrx_word'/>
</head>
<body>
  <div class='ocr_page' id='page_1' title='image "./operahor01horauoft_0062.png"; bbox 0 0 1578 3126; ppageno 0'>
   <div class='ocr_carea' id='block_1_1' title="bbox 193 182 1105 237">
    <p class='ocr_par' dir='ltr' id='par_1_1' title="bbox 193 182 1105 237">
     <span class='ocr_line' id='line_1_1' title="bbox 193 182 1105 237; baseline 0.002 -6"><span class='ocrx_word' id='word_1_1' title='bbox 193 182 323 237; x_wconf 73' lang='lat' dir='ltr'><strong>xxvr</strong></span> <span class='ocrx_word' id='word_1_2' title='bbox 622 198 707 230; x_wconf 77' lang='lat' dir='ltr'><strong>DE</strong></span> <span class='ocrx_word' id='word_1_3' title='bbox 762 192 1105 233; x_wconf 67' lang='lat' dir='ltr'><strong>nonA&#39;Trl</strong></span> 
     </span>
    </p>
   </div>
   <div class='ocr_carea' id='block_1_2' title="bbox 166 307 1528 1016">
    <p class='ocr_par' dir='ltr' id='par_1_2' title="bbox 166 307 1522 421">
     <span class='ocr_line' id='line_1_2' title="bbox 166 307 1522 372; baseline 0.002 -17"><span class='ocrx_word' id='word_1_4' title='bbox 166 351 178 359; x_wconf 76' lang='grc'><em>,</em></span> <span class='ocrx_word' id='word_1_5' title='bbox 192 330 235 357; x_wconf 82' lang='lat' dir='ltr'><strong>n.</strong></span> <span class='ocrx_word' id='word_1_6' title='bbox 263 323 408 367; x_wconf 72' lang='lat'><strong>8223.</strong></span> <span class='ocrx_word' id='word_1_7' title='bbox 446 315 559 367; x_wconf 85' lang='lat' dir='ltr'><strong>Opp.</strong></span> <span class='ocrx_word' id='word_1_8' title='bbox 580 307 671 352; x_wconf 72' lang='lat' dir='ltr'><strong>eum</strong></span> <span class='ocrx_word' id='word_1_9' title='bbox 690 309 826 372; x_wconf 66' lang='lat' dir='ltr'><em>glqffis</em></span> <span class='ocrx_word' id='word_1_10' title='bbox 845 321 886 353; x_wconf 74' lang='lat' dir='ltr'><strong>ec</strong></span> <span class='ocrx_word' id='word_1_11' title='bbox 908 313 1057 354; x_wconf 78' lang='lat' dir='ltr'><strong>sehon.</strong></span> <span class='ocrx_word' id='word_1_12' title='bbox 1076 314 1201 356; x_wconf 72' lang='lat' dir='ltr'><strong>cod.</strong></span> <span class='ocrx_word' id='word_1_13' title='bbox 1221 315 1397 357; x_wconf 85' lang='lat' dir='ltr'><strong>membr.</strong></span> <span class='ocrx_word' id='word_1_14' title='bbox 1419 314 1522 358; x_wconf 76' lang='lat' dir='ltr'><strong>[aec.</strong></span> 
     </span>
     <span class='ocr_line' id='line_1_3' title="bbox 441 379 748 421; baseline -0.01 -1"><span class='ocrx_word' id='word_1_15' title='bbox 441 383 529 421; x_wconf 83' lang='lat' dir='ltr'><strong>XV.</strong></span> <span class='ocrx_word' id='word_1_16' title='bbox 562 379 748 420; x_wconf 87' lang='lat' dir='ltr'><strong>Colbert.</strong></span> 
     </span>
    </p>

    <p class='ocr_par' dir='ltr' id='par_1_3' title="bbox 189 445 1520 552">
     <span class='ocr_line' id='line_1_4' title="bbox 189 445 1520 505; baseline 0.003 -17"><span class='ocrx_word' id='word_1_17' title='bbox 189 464 234 490; x_wconf 86' lang='lat' dir='ltr'><strong>n.</strong></span> <span class='ocrx_word' id='word_1_18' title='bbox 258 448 403 499; x_wconf 71' lang='lat'><strong>8224.</strong></span> <span class='ocrx_word' id='word_1_19' title='bbox 443 447 644 487; x_wconf 81' lang='lat' dir='ltr'><em>Carmina</em></span> <span class='ocrx_word' id='word_1_20' title='bbox 672 453 712 484; x_wconf 77' lang='lat' dir='ltr'><strong>ec</strong></span> <span class='ocrx_word' id='word_1_21' title='bbox 751 445 866 498; x_wconf 80' lang='lat' dir='ltr'><strong>Epp.</strong></span> <span class='ocrx_word' id='word_1_22' title='bbox 936 445 1520 505; x_wconf 66' lang='lat' dir='ltr'><strong>Cod.chartac.a.1465</strong></span> 
     </span>
     <span class='ocr_line' id='line_1_5' title="bbox 442 522 639 552; baseline -0.005 -1"><span class='ocrx_word' id='word_1_23' title='bbox 442 522 639 552; x_wconf 84' lang='lat' dir='ltr'><strong>exaratus.</strong></span> 
     </span>
    </p>

    <p class='ocr_par' dir='ltr' id='par_1_4' title="bbox 188 539 1526 684">
     <span class='ocr_line' id='line_1_6' title="bbox 188 539 1526 629; baseline 0.002 -9"><span class='ocrx_word' id='word_1_24' title='bbox 188 595 232 625; x_wconf 78' lang='lat' dir='ltr'><strong>n.</strong></span> <span class='ocrx_word' id='word_1_25' title='bbox 257 586 398 629; x_wconf 85' lang='grc'><strong><em>8235.</em></strong></span> <span class='ocrx_word' id='word_1_26' title='bbox 439 578 641 618; x_wconf 83' lang='lat' dir='ltr'><em>Carmina</em></span> <span class='ocrx_word' id='word_1_27' title='bbox 669 590 760 616; x_wconf 82' lang='lat' dir='ltr'><strong>cum</strong></span> <span class='ocrx_word' id='word_1_28' title='bbox 786 577 934 618; x_wconf 64' lang='lat' dir='ltr'><strong>Servon.</strong></span> <span class='ocrx_word' id='word_1_29' title='bbox 979 577 1087 619; x_wconf 84' lang='lat' dir='ltr'><strong>Cod.</strong></span> <span class='ocrx_word' id='word_1_30' title='bbox 1120 580 1295 620; x_wconf 84' lang='lat' dir='ltr'><strong>chartac.</strong></span> <span class='ocrx_word' id='word_1_31' title='bbox 1316 580 1414 622; x_wconf 70' lang='lat' dir='ltr'><strong>saec.</strong></span> <span class='ocrx_word' id='word_1_32' title='bbox 1434 539 1526 625; x_wconf 80' lang='lat' dir='ltr'><strong>XV</strong></span> 
     </span>
     <span class='ocr_line' id='line_1_7' title="bbox 440 644 718 684; baseline -0.007 0"><span class='ocrx_word' id='word_1_33' title='bbox 440 645 545 684; x_wconf 85' lang='lat' dir='ltr'><strong>olim</strong></span> <span class='ocrx_word' id='word_1_34' title='bbox 566 644 718 683; x_wconf 85' lang='lat' dir='ltr'><strong>Mazar.</strong></span> 
     </span>
    </p>

    <p class='ocr_par' dir='ltr' id='par_1_5' title="bbox 186 710 1521 762">
     <span class='ocr_line' id='line_1_8' title="bbox 186 710 1521 762; baseline 0.002 -11"><span class='ocrx_word' id='word_1_35' title='bbox 186 725 231 751; x_wconf 80' lang='lat' dir='ltr'><strong>n.</strong></span> <span class='ocrx_word' id='word_1_36' title='bbox 256 712 399 762; x_wconf 78' lang='lat'><strong>8226.</strong></span> <span class='ocrx_word' id='word_1_37' title='bbox 439 710 639 752; x_wconf 82' lang='lat' dir='ltr'><em>Carmina</em></span> <span class='ocrx_word' id='word_1_38' title='bbox 657 719 701 750; x_wconf 64' lang='lat' dir='ltr'><strong>ec</strong></span> <span class='ocrx_word' id='word_1_39' title='bbox 718 711 799 751; x_wconf 87' lang='lat' dir='ltr'><strong>Ars</strong></span> <span class='ocrx_word' id='word_1_40' title='bbox 821 711 1000 762; x_wconf 74' lang='lat' dir='ltr'><strong>poetica.</strong></span> <span class='ocrx_word' id='word_1_41' title='bbox 1041 712 1147 752; x_wconf 84' lang='lat' dir='ltr'><strong>Cod.</strong></span> <span class='ocrx_word' id='word_1_42' title='bbox 1171 712 1297 753; x_wconf 83' lang='lat' dir='ltr'>chart.</span> <span class='ocrx_word' id='word_1_43' title='bbox 1320 711 1415 752; x_wconf 85' lang='lat' dir='ltr'><strong>saec.</strong></span> <span class='ocrx_word' id='word_1_44' title='bbox 1433 713 1521 754; x_wconf 84' lang='lat' dir='ltr'><strong>XV.</strong></span> 
     </span>
    </p>

    <p class='ocr_par' dir='ltr' id='par_1_6' title="bbox 187 774 1454 828">
     <span class='ocr_line' id='line_1_9' title="bbox 187 774 1454 828; baseline 0.003 -12"><span class='ocrx_word' id='word_1_45' title='bbox 187 792 230 818; x_wconf 88' lang='lat' dir='ltr'><strong>n.</strong></span> <span class='ocrx_word' id='word_1_46' title='bbox 255 786 398 828; x_wconf 76' lang='lat'><strong>8227.</strong></span> <span class='ocrx_word' id='word_1_47' title='bbox 439 777 662 816; x_wconf 81' lang='lat' dir='ltr'><strong><em>Carmina:</em></strong></span> <span class='ocrx_word' id='word_1_48' title='bbox 693 774 800 817; x_wconf 75' lang='lat' dir='ltr'><strong>cod.</strong></span> <span class='ocrx_word' id='word_1_49' title='bbox 824 777 997 816; x_wconf 81' lang='lat' dir='ltr'><strong>chartac.</strong></span> <span class='ocrx_word' id='word_1_50' title='bbox 1021 777 1117 818; x_wconf 85' lang='lat' dir='ltr'><strong>saec.</strong></span> <span class='ocrx_word' id='word_1_51' title='bbox 1143 779 1229 819; x_wconf 90' lang='lat' dir='ltr'><strong>XV.</strong></span> <span class='ocrx_word' id='word_1_52' title='bbox 1254 779 1454 820; x_wconf 73' lang='lat' dir='ltr'><strong>Mazarin.</strong></span> 
     </span>
    </p>

    <p class='ocr_par' dir='ltr' id='par_1_7' title="bbox 185 843 1439 896">
     <span class='ocr_line' id='line_1_10' title="bbox 185 843 1439 896; baseline 0.001 -13"><span class='ocrx_word' id='word_1_53' title='bbox 185 858 229 883; x_wconf 89' lang='lat' dir='ltr'><strong>n.</strong></span> <span class='ocrx_word' id='word_1_54' title='bbox 256 851 398 893; x_wconf 77' lang='lat'><strong>8228.</strong></span> <span class='ocrx_word' id='word_1_55' title='bbox 434 844 550 896; x_wconf 82' lang='lat' dir='ltr'><strong>Epp.</strong></span> <span class='ocrx_word' id='word_1_56' title='bbox 572 853 613 882; x_wconf 77' lang='lat' dir='ltr'><strong>ec</strong></span> <span class='ocrx_word' id='word_1_57' title='bbox 637 844 862 883; x_wconf 80' lang='lat' dir='ltr'><em>Carmina:</em></span> <span class='ocrx_word' id='word_1_58' title='bbox 891 843 998 883; x_wconf 88' lang='lat' dir='ltr'><strong>Cod.</strong></span> <span class='ocrx_word' id='word_1_59' title='bbox 1023 844 1199 884; x_wconf 81' lang='lat' dir='ltr'><em>membr.</em></span> <span class='ocrx_word' id='word_1_60' title='bbox 1232 844 1328 884; x_wconf 81' lang='lat' dir='ltr'><strong>saec.</strong></span> <span class='ocrx_word' id='word_1_61' title='bbox 1351 846 1439 884; x_wconf 90' lang='lat' dir='ltr'><strong>XV.</strong></span> 
     </span>
    </p>

    <p class='ocr_par' dir='ltr' id='par_1_8' title="bbox 184 904 1528 1016">
     <span class='ocr_line' id='line_1_11' title="bbox 184 904 1528 968; baseline 0.002 -21"><span class='ocrx_word' id='word_1_62' title='bbox 184 925 228 950; x_wconf 71' lang='lat' dir='ltr'><strong>n.</strong></span> <span class='ocrx_word' id='word_1_63' title='bbox 251 918 395 962; x_wconf 79' lang='lat'><strong>8229.</strong></span> <span class='ocrx_word' id='word_1_64' title='bbox 426 911 507 951; x_wconf 88' lang='lat' dir='ltr'><strong>Ars</strong></span> <span class='ocrx_word' id='word_1_65' title='bbox 522 911 687 962; x_wconf 70' lang='lat' dir='ltr'><strong>poetica</strong></span> <span class='ocrx_word' id='word_1_66' title='bbox 711 923 802 947; x_wconf 84' lang='lat' dir='ltr'><strong>cum</strong></span> <span class='ocrx_word' id='word_1_67' title='bbox 820 904 971 968; x_wconf 76' lang='lat' dir='ltr'><strong>gloffzs.</strong></span> <span class='ocrx_word' id='word_1_68' title='bbox 993 909 1102 951; x_wconf 82' lang='lat' dir='ltr'><strong>Cod.</strong></span> <span class='ocrx_word' id='word_1_69' title='bbox 1122 909 1222 951; x_wconf 81' lang='lat' dir='ltr'><strong>[aec.</strong></span> <span class='ocrx_word' id='word_1_70' title='bbox 1244 911 1332 951; x_wconf 89' lang='lat' dir='ltr'><strong>XV.</strong></span> <span class='ocrx_word' id='word_1_71' title='bbox 1347 911 1528 955; x_wconf 57' lang='lat' dir='ltr'><strong>chartac..</strong></span> 
     </span>
     <span class='ocr_line' id='line_1_12' title="bbox 433 975 827 1016; baseline 0 0"><span class='ocrx_word' id='word_1_72' title='bbox 433 976 538 1016; x_wconf 90' lang='lat' dir='ltr'><strong>olim</strong></span> <span class='ocrx_word' id='word_1_73' title='bbox 564 975 827 1016; x_wconf 76' lang='lat' dir='ltr'><strong>Baluzianus.</strong></span> 
     </span>
    </p>
   </div>
   <div class='ocr_carea' id='block_1_3' title="bbox 709 1108 983 1159">
    <p class='ocr_par' dir='ltr' id='par_1_9' title="bbox 709 1108 983 1159">
     <span class='ocr_line' id='line_1_13' title="bbox 709 1108 983 1159; baseline 0.004 -13"><span class='ocrx_word' id='word_1_74' title='bbox 709 1108 747 1146; x_wconf 87' lang='lat' dir='ltr'><em>A</em></span> <span class='ocrx_word' id='word_1_75' title='bbox 749 1108 983 1159; x_wconf 74' lang='lat' dir='ltr'><strong>rgencorati</strong></span> 
     </span>
    </p>
   </div>
   <div class='ocr_carea' id='block_1_4' title="bbox 182 1189 1529 1312">
    <p class='ocr_par' dir='ltr' id='par_1_10' title="bbox 182 1189 1529 1312">
     <span class='ocr_line' id='line_1_14' title="bbox 288 1189 1529 1257; baseline -0.001 -22"><span class='ocrx_word' id='word_1_76' title='bbox 288 1195 341 1257; x_wconf 68' lang='lat' dir='ltr'><strong>Q.</strong></span> <span class='ocrx_word' id='word_1_77' title='bbox 366 1195 426 1235; x_wconf 90' lang='lat' dir='ltr'><strong>H.</strong></span> <span class='ocrx_word' id='word_1_78' title='bbox 449 1196 511 1234; x_wconf 82' lang='lat' dir='ltr'><strong>Fl.</strong></span> <span class='ocrx_word' id='word_1_79' title='bbox 543 1193 829 1254; x_wconf 69' lang='lat' dir='ltr'><strong>Epssolarum</strong></span> <span class='ocrx_word' id='word_1_80' title='bbox 855 1192 953 1232; x_wconf 80' lang='lat' dir='ltr'><strong>libri</strong></span> <span class='ocrx_word' id='word_1_81' title='bbox 976 1207 1067 1233; x_wconf 84' lang='lat' dir='ltr'><strong>cum</strong></span> <span class='ocrx_word' id='word_1_82' title='bbox 1086 1189 1234 1252; x_wconf 75' lang='lat' dir='ltr'><strong>gloffa.</strong></span> <span class='ocrx_word' id='word_1_83' title='bbox 1281 1195 1386 1236; x_wconf 82' lang='lat' dir='ltr'><strong>cod.</strong></span> <span class='ocrx_word' id='word_1_84' title='bbox 1409 1195 1529 1235; x_wconf 57' lang='lat' dir='ltr'><strong>char-⁴</strong></span> 
     </span>
     <span class='ocr_line' id='line_1_15' title="bbox 182 1259 1516 1312; baseline 0.001 -10"><span class='ocrx_word' id='word_1_85' title='bbox 182 1271 260 1302; x_wconf 84' lang='lat' dir='ltr'><strong>tac.</strong></span> <span class='ocrx_word' id='word_1_86' title='bbox 283 1262 355 1301; x_wconf 89' lang='lat' dir='ltr'><strong>fol.</strong></span> <span class='ocrx_word' id='word_1_87' title='bbox 391 1263 435 1300; x_wconf 88' lang='lat' dir='ltr'><strong>in</strong></span> <span class='ocrx_word' id='word_1_88' title='bbox 455 1262 557 1300; x_wconf 87' lang='lat' dir='ltr'><strong>bibl.</strong></span> <span class='ocrx_word' id='word_1_89' title='bbox 579 1263 619 1301; x_wconf 91' lang='lat' dir='ltr'><strong>S.</strong></span> <span class='ocrx_word' id='word_1_90' title='bbox 642 1261 692 1300; x_wconf 89' lang='lat' dir='ltr'><strong>O.</strong></span> <span class='ocrx_word' id='word_1_91' title='bbox 716 1259 1030 1312; x_wconf 84' lang='lat' dir='ltr'><strong>Hierosolymit.</strong></span> <span class='ocrx_word' id='word_1_92' title='bbox 1076 1261 1170 1301; x_wconf 89' lang='lat' dir='ltr'><strong>Vid.</strong></span> <span class='ocrx_word' id='word_1_93' title='bbox 1196 1260 1365 1302; x_wconf 70' lang='lat' dir='ltr'><strong>thter</strong></span> <span class='ocrx_word' id='word_1_94' title='bbox 1387 1261 1516 1303; x_wconf 76' lang='lat' dir='ltr'><strong>Catal-</strong></span> 
     </span>
    </p>
   </div>
   <div class='ocr_carea' id='block_1_5' title="bbox 182 1327 1177 1381">
    <p class='ocr_par' dir='ltr' id='par_1_11' title="bbox 182 1327 1177 1381">
     <span class='ocr_line' id='line_1_16' title="bbox 182 1327 1177 1381; baseline 0 -13"><span class='ocrx_word' id='word_1_95' title='bbox 182 1329 320 1369; x_wconf 69' lang='lat' dir='ltr'><strong>Cocld.</strong></span> <span class='ocrx_word' id='word_1_96' title='bbox 345 1328 465 1369; x_wconf 88' lang='lat' dir='ltr'><strong>MSS.</strong></span> <span class='ocrx_word' id='word_1_97' title='bbox 487 1328 682 1367; x_wconf 84' lang='lat' dir='ltr'><strong>biblioth.</strong></span> <span class='ocrx_word' id='word_1_98' title='bbox 704 1327 818 1366; x_wconf 80' lang='lat' dir='ltr'><strong>istius</strong></span> <span class='ocrx_word' id='word_1_99' title='bbox 839 1327 1008 1367; x_wconf 84' lang='lat' dir='ltr'><strong>Ordinis</strong></span> <span class='ocrx_word' id='word_1_100' title='bbox 1028 1341 1071 1381; x_wconf 89' lang='lat' dir='ltr'><strong>p.</strong></span> <span class='ocrx_word' id='word_1_101' title='bbox 1105 1340 1121 1365; x_wconf 81' lang='grc' dir='ltr'>ι</span> <span class='ocrx_word' id='word_1_102' title='bbox 1135 1336 1177 1379; x_wconf 82' lang='grc'><strong><em>5.</em></strong></span> 
     </span>
    </p>
   </div>
   <div class='ocr_carea' id='block_1_6' title="bbox 455 1459 1065 1510">
    <p class='ocr_par' dir='ltr' id='par_1_12' title="bbox 455 1459 1065 1510">
     <span class='ocr_line' id='line_1_17' title="bbox 455 1459 1065 1510; baseline -0.003 -11"><span class='ocrx_word' id='word_1_103' title='bbox 455 1461 507 1499; x_wconf 87' lang='lat' dir='ltr'><strong>In</strong></span> <span class='ocrx_word' id='word_1_104' title='bbox 543 1459 782 1504; x_wconf 80' lang='lat' dir='ltr'><em>Germania,</em></span> <span class='ocrx_word' id='word_1_105' title='bbox 825 1467 867 1498; x_wconf 83' lang='lat' dir='ltr'><strong>et</strong></span> <span class='ocrx_word' id='word_1_106' title='bbox 896 1459 1065 1510; x_wconf 87' lang='lat' dir='ltr'><strong>quidem</strong></span> 
     </span>
    </p>
   </div>
   <div class='ocr_carea' id='block_1_7' title="bbox 181 1537 1516 1799">
    <p class='ocr_par' dir='ltr' id='par_1_13' title="bbox 181 1537 1516 1799">
     <span class='ocr_line' id='line_1_18' title="bbox 181 1537 1514 1596; baseline 0 -8"><span class='ocrx_word' id='word_1_107' title='bbox 181 1537 388 1593; x_wconf 81' lang='lat' dir='ltr'><strong>Dresdae,</strong></span> <span class='ocrx_word' id='word_1_108' title='bbox 419 1547 598 1587; x_wconf 73' lang='lat' dir='ltr'><strong>Horatii</strong></span> <span class='ocrx_word' id='word_1_109' title='bbox 629 1545 780 1596; x_wconf 74' lang='lat' dir='ltr'><strong>Opera.</strong></span> <span class='ocrx_word' id='word_1_110' title='bbox 818 1546 965 1586; x_wconf 85' lang='lat' dir='ltr'>Codex</span> <span class='ocrx_word' id='word_1_111' title='bbox 993 1546 1165 1586; x_wconf 84' lang='lat' dir='ltr'><strong>chartac.</strong></span> <span class='ocrx_word' id='word_1_112' title='bbox 1194 1544 1292 1587; x_wconf 84' lang='lat' dir='ltr'><strong>saec.</strong></span> <span class='ocrx_word' id='word_1_113' title='bbox 1321 1547 1410 1587; x_wconf 86' lang='lat' dir='ltr'><strong>XV.</strong></span> <span class='ocrx_word' id='word_1_114' title='bbox 1440 1545 1514 1589; x_wconf 83' lang='lat' dir='ltr'><strong>fol.</strong></span> 
     </span>
     <span class='ocr_line' id='line_1_19' title="bbox 314 1612 1516 1666; baseline 0 -13"><span class='ocrx_word' id='word_1_115' title='bbox 314 1614 491 1653; x_wconf 84' lang='lat' dir='ltr'><strong>Notatae</strong></span> <span class='ocrx_word' id='word_1_116' title='bbox 515 1614 559 1650; x_wconf 87' lang='lat' dir='ltr'><strong>in</strong></span> <span class='ocrx_word' id='word_1_117' title='bbox 577 1613 762 1666; x_wconf 71' lang='lat' dir='ltr'><strong>margine</strong></span> <span class='ocrx_word' id='word_1_118' title='bbox 782 1612 870 1651; x_wconf 85' lang='lat' dir='ltr'><strong>eius</strong></span> <span class='ocrx_word' id='word_1_119' title='bbox 891 1614 981 1650; x_wconf 80' lang='lat' dir='ltr'><strong>Var.</strong></span> <span class='ocrx_word' id='word_1_120' title='bbox 1008 1613 1153 1658; x_wconf 67' lang='lat' dir='ltr'><strong>Lectt„</strong></span> <span class='ocrx_word' id='word_1_121' title='bbox 1192 1614 1516 1654; x_wconf 81' lang='lat' dir='ltr'><strong>Emendationes</strong></span> 
     </span>
     <span class='ocr_line' id='line_1_20' title="bbox 311 1677 1516 1731; baseline -0.002 -11"><span class='ocrx_word' id='word_1_122' title='bbox 311 1689 353 1720; x_wconf 88' lang='lat' dir='ltr'><strong>et</strong></span> <span class='ocrx_word' id='word_1_123' title='bbox 374 1678 692 1719; x_wconf 81' lang='lat' dir='ltr'><strong>Observationes</strong></span> <span class='ocrx_word' id='word_1_124' title='bbox 713 1692 838 1718; x_wconf 83' lang='lat' dir='ltr'><strong>manu</strong></span> <span class='ocrx_word' id='word_1_125' title='bbox 862 1679 932 1717; x_wconf 79' lang='lat' dir='ltr'><strong>Ge.</strong></span> <span class='ocrx_word' id='word_1_126' title='bbox 954 1677 1157 1729; x_wconf 79' lang='lat' dir='ltr'><em>Fabricii,</em></span> <span class='ocrx_word' id='word_1_127' title='bbox 1197 1679 1247 1717; x_wconf 86' lang='lat' dir='ltr'><strong>ad</strong></span> <span class='ocrx_word' id='word_1_128' title='bbox 1267 1681 1396 1731; x_wconf 74' lang='lat' dir='ltr'><strong>quem&#39;</strong></span> <span class='ocrx_word' id='word_1_129' title='bbox 1412 1680 1516 1718; x_wconf 90' lang='lat' dir='ltr'><strong>olim</strong></span> 
     </span>
     <span class='ocr_line' id='line_1_21' title="bbox 311 1745 1511 1799; baseline -0.001 -14"><span class='ocrx_word' id='word_1_130' title='bbox 311 1746 551 1799; x_wconf 78' lang='lat' dir='ltr'><strong>pertinuiffe</strong></span> <span class='ocrx_word' id='word_1_131' title='bbox 571 1754 751 1797; x_wconf 74' lang='lat' dir='ltr'><strong>putatur.</strong></span> <span class='ocrx_word' id='word_1_132' title='bbox 788 1745 881 1784; x_wconf 87' lang='lat' dir='ltr'><strong>Vid.</strong></span> <span class='ocrx_word' id='word_1_133' title='bbox 916 1745 1076 1784; x_wconf 71' lang='lat' dir='ltr'><strong>Goctzii</strong></span> <span class='ocrx_word' id='word_1_134' title='bbox 1103 1745 1367 1785; x_wconf 83' lang='lat' dir='ltr'><strong>Memorabb.</strong></span> <span class='ocrx_word' id='word_1_135' title='bbox 1401 1745 1511 1784; x_wconf 83' lang='lat' dir='ltr'><strong>Bibl.</strong></span> 
     </span>
    </p>
   </div>
   <div class='ocr_carea' id='block_1_8' title="bbox 308 1813 790 1864">
    <p class='ocr_par' dir='ltr' id='par_1_14' title="bbox 308 1813 790 1864">
     <span class='ocr_line' id='line_1_22' title="bbox 308 1813 790 1864; baseline -0.006 -11"><span class='ocrx_word' id='word_1_136' title='bbox 308 1813 458 1853; x_wconf 84' lang='lat' dir='ltr'><strong>Dresd.</strong></span> <span class='ocrx_word' id='word_1_137' title='bbox 485 1813 531 1852; x_wconf 91' lang='lat' dir='ltr'><strong>P.</strong></span> <span class='ocrx_word' id='word_1_138' title='bbox 555 1813 589 1851; x_wconf 91' lang='lat' dir='ltr'><strong>l.</strong></span> <span class='ocrx_word' id='word_1_139' title='bbox 613 1825 653 1864; x_wconf 87' lang='lat' dir='ltr'><strong>p.</strong></span> <span class='ocrx_word' id='word_1_140' title='bbox 679 1818 790 1860; x_wconf 78' lang='lat'><strong>515.</strong></span> 
     </span>
    </p>
   </div>
   <div class='ocr_carea' id='block_1_9' title="bbox 183 1929 1509 1985">
    <p class='ocr_par' dir='ltr' id='par_1_15' title="bbox 183 1929 1509 1985">
     <span class='ocr_line' id='line_1_23' title="bbox 183 1929 1509 1985; baseline -0.002 -12"><span class='ocrx_word' id='word_1_141' title='bbox 183 1933 336 1985; x_wconf 65' lang='lat' dir='ltr'><strong>Erlang,²</strong></span> <span class='ocrx_word' id='word_1_142' title='bbox 319 1947 404 1977; x_wconf 75' lang='lat' dir='ltr'><strong>nae,</strong></span> <span class='ocrx_word' id='word_1_143' title='bbox 439 1933 489 1975; x_wconf 73' lang='lat' dir='ltr'><strong>-in</strong></span> <span class='ocrx_word' id='word_1_144' title='bbox 517 1932 618 1971; x_wconf 85' lang='lat' dir='ltr'><strong>bibl.</strong></span> <span class='ocrx_word' id='word_1_145' title='bbox 650 1931 914 1976; x_wconf 81' lang='lat' dir='ltr'><strong>Academica,</strong></span> <span class='ocrx_word' id='word_1_146' title='bbox 939 1930 1070 1971; x_wconf 83' lang='lat' dir='ltr'><strong>Cod.</strong></span> <span class='ocrx_word' id='word_1_147' title='bbox 1091 1929 1263 1970; x_wconf 71' lang='lat' dir='ltr'><strong>chartae.</strong></span> <span class='ocrx_word' id='word_1_148' title='bbox 1282 1929 1382 1969; x_wconf 83' lang='lat' dir='ltr'><strong>saec.</strong></span> <span class='ocrx_word' id='word_1_149' title='bbox 1399 1929 1509 1970; x_wconf 88' lang='lat' dir='ltr'><strong>XIV.</strong></span> 
     </span>
    </p>
   </div>
   <div class='ocr_carea' id='block_1_10' title="bbox 304 1980 1515 2115">
    <p class='ocr_par' dir='ltr' id='par_1_16' title="bbox 304 1980 1515 2115">
     <span class='ocr_line' id='line_1_24' title="bbox 308 1980 1515 2059; baseline -0.003 -21"><span class='ocrx_word' id='word_1_150' title='bbox 308 2001 351 2054; x_wconf 88' lang='lat'><strong>(1</strong></span> <span class='ocrx_word' id='word_1_151' title='bbox 365 2001 470 2050; x_wconf 79' lang='lat'><strong>386.</strong></span> <span class='ocrx_word' id='word_1_152' title='bbox 474 2001 490 2049; x_wconf 93' lang='lat'><em>)</em></span> <span class='ocrx_word' id='word_1_153' title='bbox 509 1999 683 2038; x_wconf 74' lang='lat' dir='ltr'><strong>Horatii</strong></span> <span class='ocrx_word' id='word_1_154' title='bbox 703 1996 918 2056; x_wconf 72' lang='lat' dir='ltr'><strong>Epfiolas</strong></span> <span class='ocrx_word' id='word_1_155' title='bbox 935 1996 1189 2048; x_wconf 82' lang='lat' dir='ltr'><strong>complexus.</strong></span> <span class='ocrx_word' id='word_1_156' title='bbox 1224 1997 1317 2035; x_wconf 89' lang='lat' dir='ltr'><strong>Vid.</strong></span> <span class='ocrx_word' id='word_1_157' title='bbox 1328 1980 1515 2059; x_wconf 80' lang='lat' dir='ltr'><strong>Pseiffer</strong></span> 
     </span>
     <span class='ocr_line' id='line_1_25' title="bbox 304 2054 1509 2115; baseline -0.004 -10"><span class='ocrx_word' id='word_1_158' title='bbox 304 2067 399 2115; x_wconf 81' lang='lat' dir='ltr'><strong>-Bey</strong></span> <span class='ocrx_word' id='word_1_159' title='bbox 405 2075 453 2104; x_wconf 81' lang='lat' dir='ltr'><strong>tr.</strong></span> <span class='ocrx_word' id='word_1_160' title='bbox 486 2079 559 2104; x_wconf 87' lang='lat' dir='ltr'><strong>zur</strong></span> <span class='ocrx_word' id='word_1_161' title='bbox 591 2062 817 2103; x_wconf 75' lang='lat' dir='ltr'><strong>Kenntniss</strong></span> <span class='ocrx_word' id='word_1_162' title='bbox 845 2064 945 2103; x_wconf 85' lang='lat' dir='ltr'><strong>alter</strong></span> <span class='ocrx_word' id='word_1_163' title='bbox 975 2063 1140 2102; x_wconf 83' lang='lat' dir='ltr'><strong>Bucher</strong></span> <span class='ocrx_word' id='word_1_164' title='bbox 1163 2063 1250 2101; x_wconf 86' lang='lat' dir='ltr'><strong>und</strong></span> <span class='ocrx_word' id='word_1_165' title='bbox 1282 2054 1509 2103; x_wconf 79' lang='lat' dir='ltr'><strong>Hantlschr.</strong></span> 
     </span>
    </p>
   </div>
   <div class='ocr_carea' id='block_1_11' title="bbox 307 2123 1507 2189">
    <p class='ocr_par' dir='ltr' id='par_1_17' title="bbox 307 2123 1507 2189">
     <span class='ocr_line' id='line_1_26' title="bbox 307 2123 1507 2189; baseline -0.003 -17"><span class='ocrx_word' id='word_1_166' title='bbox 307 2131 590 2186; x_wconf 71' lang='lat' dir='ltr'><strong>Hof.1735.</strong></span> <span class='ocrx_word' id='word_1_167' title='bbox 643 2123 875 2189; x_wconf 79' lang='lat' dir='ltr'><em>Hirsching</em></span> <span class='ocrx_word' id='word_1_168' title='bbox 909 2129 1074 2169; x_wconf 79' lang='lat' dir='ltr'><strong>Befchr.</strong></span> <span class='ocrx_word' id='word_1_169' title='bbox 1116 2129 1188 2168; x_wconf 88' lang='lat' dir='ltr'><strong>der</strong></span> <span class='ocrx_word' id='word_1_170' title='bbox 1212 2127 1322 2168; x_wconf 87' lang='lat' dir='ltr'><strong>Bibl.</strong></span> <span class='ocrx_word' id='word_1_171' title='bbox 1359 2130 1412 2168; x_wconf 90' lang='lat' dir='ltr'><strong>T.</strong></span> <span class='ocrx_word' id='word_1_172' title='bbox 1450 2130 1507 2169; x_wconf 88' lang='lat'><strong>11.</strong></span> 
     </span>
    </p>
   </div>
   <div class='ocr_carea' id='block_1_12' title="bbox 281 2205 1510 2601">
    <p class='ocr_par' dir='ltr' id='par_1_18' title="bbox 281 2205 478 2253">
     <span class='ocr_line' id='line_1_27' title="bbox 281 2205 478 2253; baseline 0.005 -16"><span class='ocrx_word' id='word_1_173' title='bbox 281 2247 283 2249; x_wconf 72' lang='lat'><strong>.</strong></span> <span class='ocrx_word' id='word_1_174' title='bbox 307 2214 349 2253; x_wconf 85' lang='lat' dir='ltr'><strong>p.</strong></span> <span class='ocrx_word' id='word_1_175' title='bbox 371 2205 478 2249; x_wconf 72' lang='lat'><strong>304.</strong></span> 
     </span>
    </p>

    <p class='ocr_par' dir='ltr' id='par_1_19' title="bbox 300 2280 1510 2601">
     <span class='ocr_line' id='line_1_28' title="bbox 373 2280 1510 2326; baseline -0.008 -1"><span class='ocrx_word' id='word_1_176' title='bbox 373 2285 538 2325; x_wconf 86' lang='lat' dir='ltr'><strong>Ibidem</strong></span> <span class='ocrx_word' id='word_1_177' title='bbox 559 2284 678 2324; x_wconf 78' lang='lat' dir='ltr'><strong>Odas</strong></span> <span class='ocrx_word' id='word_1_178' title='bbox 697 2283 876 2324; x_wconf 61' lang='lat' dir='ltr'><strong>Iioratii</strong></span> <span class='ocrx_word' id='word_1_179' title='bbox 892 2284 936 2322; x_wconf 88' lang='lat' dir='ltr'><strong>in</strong></span> <span class='ocrx_word' id='word_1_180' title='bbox 953 2282 1227 2326; x_wconf 78' lang='lat' dir='ltr'><strong>membranis,</strong></span> <span class='ocrx_word' id='word_1_181' title='bbox 1259 2294 1355 2320; x_wconf 90' lang='lat' dir='ltr'><strong>cum</strong></span> <span class='ocrx_word' id='word_1_182' title='bbox 1373 2280 1510 2322; x_wconf 83' lang='lat' dir='ltr'><strong>diver.</strong></span> 
     </span>
     <span class='ocr_line' id='line_1_29' title="bbox 304 2347 1507 2403; baseline -0.005 -11"><span class='ocrx_word' id='word_1_183' title='bbox 304 2353 417 2392; x_wconf 77' lang='lat' dir='ltr'><strong>srtate</strong></span> <span class='ocrx_word' id='word_1_184' title='bbox 438 2353 629 2392; x_wconf 79' lang='lat' dir='ltr'><strong>lectionis</strong></span> <span class='ocrx_word' id='word_1_185' title='bbox 656 2360 699 2391; x_wconf 85' lang='lat' dir='ltr'><strong>et</strong></span> <span class='ocrx_word' id='word_1_186' title='bbox 714 2351 891 2390; x_wconf 81' lang='lat' dir='ltr'><strong>Scholiis</strong></span> <span class='ocrx_word' id='word_1_187' title='bbox 907 2351 950 2391; x_wconf 83' lang='lat' dir='ltr'><strong>in</strong></span> <span class='ocrx_word' id='word_1_188' title='bbox 970 2349 1153 2403; x_wconf 81' lang='lat' dir='ltr'><strong>margine</strong></span> <span class='ocrx_word' id='word_1_189' title='bbox 1180 2347 1384 2393; x_wconf 83' lang='lat' dir='ltr'><strong>affervari,</strong></span> <span class='ocrx_word' id='word_1_190' title='bbox 1416 2347 1507 2387; x_wconf 73' lang='lat' dir='ltr'><strong>satis</strong></span> 
     </span>
     <span class='ocr_line' id='line_1_30' title="bbox 300 2415 1502 2472; baseline -0.002 -15"><span class='ocrx_word' id='word_1_191' title='bbox 300 2419 488 2472; x_wconf 79' lang='lat' dir='ltr'><strong>locuples</strong></span> <span class='ocrx_word' id='word_1_192' title='bbox 518 2427 659 2459; x_wconf 85' lang='lat' dir='ltr'><strong>auctor</strong></span> <span class='ocrx_word' id='word_1_193' title='bbox 693 2419 749 2456; x_wconf 82' lang='lat' dir='ltr'><strong>cst</strong></span> <span class='ocrx_word' id='word_1_194' title='bbox 778 2418 841 2457; x_wconf 89' lang='lat' dir='ltr'><strong>Cl.</strong></span> <span class='ocrx_word' id='word_1_195' title='bbox 879 2415 1032 2455; x_wconf 81' lang='lat' dir='ltr'><strong>Harles.</strong></span> <span class='ocrx_word' id='word_1_196' title='bbox 1063 2415 1201 2458; x_wconf 81' lang='lat' dir='ltr'><strong>Notit.</strong></span> <span class='ocrx_word' id='word_1_197' title='bbox 1232 2415 1381 2467; x_wconf 83' lang='lat' dir='ltr'><strong>Script.</strong></span> <span class='ocrx_word' id='word_1_198' title='bbox 1413 2415 1502 2454; x_wconf 83' lang='lat' dir='ltr'><strong>Lat.</strong></span> 
     </span>
     <span class='ocr_line' id='line_1_31' title="bbox 301 2477 1505 2537; baseline -0.004 -13"><span class='ocrx_word' id='word_1_199' title='bbox 301 2486 352 2524; x_wconf 92' lang='lat' dir='ltr'><strong>T.</strong></span> <span class='ocrx_word' id='word_1_200' title='bbox 379 2487 432 2524; x_wconf 88' lang='lat'><strong>11.</strong></span> <span class='ocrx_word' id='word_1_201' title='bbox 455 2499 496 2537; x_wconf 83' lang='lat' dir='ltr'><strong>p.</strong></span> <span class='ocrx_word' id='word_1_202' title='bbox 522 2495 630 2535; x_wconf 79' lang='lat'><strong>570.</strong></span> <span class='ocrx_word' id='word_1_203' title='bbox 651 2477 722 2537; x_wconf 65' lang='lat' dir='ltr'><strong>lqui</strong></span> <span class='ocrx_word' id='word_1_204' title='bbox 739 2496 885 2536; x_wconf 81' lang='lat' dir='ltr'>paucas</span> <span class='ocrx_word' id='word_1_205' title='bbox 903 2482 1122 2536; x_wconf 74' lang='lat' dir='ltr'><strong>singulares</strong></span> <span class='ocrx_word' id='word_1_206' title='bbox 1142 2489 1184 2519; x_wconf 79' lang='lat' dir='ltr'><strong>et</strong></span> <span class='ocrx_word' id='word_1_207' title='bbox 1207 2494 1228 2519; x_wconf 87' lang='lat' dir='ltr'>a</span> <span class='ocrx_word' id='word_1_208' title='bbox 1250 2481 1427 2536; x_wconf 81' lang='lat' dir='ltr'><strong>vulgatis</strong></span> <span class='ocrx_word' id='word_1_209' title='bbox 1445 2482 1505 2519; x_wconf 81' lang='lat' dir='ltr'><strong>di—</strong></span> 
     </span>
     <span class='ocr_line' id='line_1_32' title="bbox 302 2547 1286 2601; baseline -0.003 -10"><span class='ocrx_word' id='word_1_210' title='bbox 302 2551 434 2592; x_wconf 79' lang='lat' dir='ltr'><strong>versas</strong></span> <span class='ocrx_word' id='word_1_211' title='bbox 453 2553 652 2592; x_wconf 78' lang='lat' dir='ltr'><strong>lectiones</strong></span> <span class='ocrx_word' id='word_1_212' title='bbox 672 2553 716 2591; x_wconf 88' lang='lat' dir='ltr'><strong>in</strong></span> <span class='ocrx_word' id='word_1_213' title='bbox 738 2551 812 2591; x_wconf 84' lang='lat' dir='ltr'><strong>isto</strong></span> <span class='ocrx_word' id='word_1_214' title='bbox 833 2551 974 2590; x_wconf 81' lang='lat' dir='ltr'><strong>codice</strong></span> <span class='ocrx_word' id='word_1_215' title='bbox 997 2547 1286 2601; x_wconf 76' lang='lat' dir='ltr'><strong>deprehendit.</strong></span> 
     </span>
    </p>
   </div>
   <div class='ocr_carea' id='block_1_13' title="bbox 1324 2694 1502 2733">
    <p class='ocr_par' dir='ltr' id='par_1_20' title="bbox 1324 2694 1502 2733">
     <span class='ocr_line' id='line_1_33' title="bbox 1324 2694 1502 2733; baseline 0 0"><span class='ocrx_word' id='word_1_216' title='bbox 1324 2694 1364 2733; x_wconf 89' lang='lat' dir='ltr'><em>F</em></span> <span class='ocrx_word' id='word_1_217' title='bbox 1361 2706 1502 2733; x_wconf 85' lang='lat' dir='ltr'><em>ranco-</em></span> 
     </span>
    </p>
   </div>
  </div>
 </body>
</html>
