1578 3126
405 181 1047 230 PRAEFATlo.
1282 189 1420 244 ¹v

58 311 214 364 novis
247 322 300 362 et
325 309 592 378 exquisitis
617 306 872 358 sermonis
903 305 1102 373 poetici
1131 303 1426 371 augmentis

31 393 33 395 ι
60 411 490 483 locupletaverit,
559 412 716 470 adeo,
767 421 830 461 ut
881 421 988 462 tota
1051 407 1424 460 Romanorum

24 569 30 575 .
59 518 230 587 poefis
249 503 446 569 novam
470 517 597 567 inde
618 533 840 582 eamque
865 517 1052 564 laetam
1074 532 1131 592 ac
1153 512 1270 563 satis
1292 514 1425 562 libe-

60 624 224 672 ralem
262 621 499 672 induerit
529 620 741 679 faciem,
799 636 961 685 quam
1003 617 1248 684 quidem,
1314 629 1427 668 tan-

61 744 220 793 quam
272 725 538 789 exemplar
588 720 1142 771 cousummatiffimum
1192 720 1429 782 seriores,

39 830 156 895 'qui
174 826 380 892 aliquid
400 825 497 875 fibi
522 825 699 875 videri
718 825 944 883 vellent,
983 835 1168 891 poetae
1191 824 1285 875 fibi
1306 844 1430 892 pro·

59 941 320 998 ponerent
365 928 855 996 contemplandam,
922 929 1429 996 exprimendamque

36 1032 215 1086 'unice
246 1035 617 1094 allaborarent3
657 1035 828 1084 maius
853 1033 903 1081 ei
923 1051 1059 1100 opus
1076 1035 1430 1096 movendum,

57 1139 156 1204 qui
185 1155 368 1190 omnes
399 1140 712 1188 Horatianae
736 1136 950 1204 poeseos
981 1139 1207 1189 virtutes
1234 1157 1433 1206 cogno-

56 1241 222 1303 scere,
261 1244 602 1312 cognitasque
625 1252 781 1308 atque
801 1253 979 1291 curate
1000 1242 1290 1310 perspectas
1315 1246 1432 1295 aliis

57 1348 130 1396 ita
161 1347 365 1398 tradere
397 1348 603 1414 cupiat,
654 1357 715 1396 ut
734 1347 944 1396 Horatii
978 1348 1135 1399 lectio
1158 1348 1286 1398 inde
1313 1367 1433 1417 per-

59 1446 239 1518 spicua
263 1450 441 1502 existat
465 1461 620 1518 atque
642 1450 891 1500 iucunda.

177 1557 354 1621 Atque
386 1557 632 1606 omnium
661 1555 883 1621 quidem
915 1557 1142 1622 primam
1173 1558 1224 1608 ei
1256 1559 1429 1609 virtu-

58 1669 191 1719 tem,
256 1661 354 1726 qui
396 1661 680 1710 Horatium
720 1669 859 1709 recte
902 1661 1238 1728 interpretari
1282 1664 1430 1722 velit,

59 1764 197 1814 hanc
241 1761 399 1816 iueffe
437 1771 697 1830 oportere
730 1750 986 1823 arbitror,
1058 1776 1120 1815 ut
1149 1744 1431 1833 ingenium

65 1863 244 1916 afferat
274 1884 584 1933 graecorum
614 1853 1012 1933 latinorumque
1045 1882 1324 1934 poetarum
1357 1873 1432 1921 le-

64 1972 239 2021 ctione
279 1971 466 2021 tritum
500 1981 655 2036 atque
694 1973 1014 2037 expolitum,
1053 1974 1203 2039 quod
1238 1975 1431 2042 ipsum,

64 2074 488 2142 phantasmatum
523 2073 838 2125 sublimium
870 2093 1054 2143 capax,
1122 2092 1335 2146 poetam
1373 2084 1431 2132 in

65 2179 196 2229 altos
245 2179 480 2229 nubium
524 2189 718 2228 tractus
764 2181 1070 2231 tendentem
1116 2183 1238 2234 nisu
1285 2186 1433 2236 haud

66 2284 258 2350 impari
286 2281 437 2348 sequi
466 2282 682 2342 audeat,
723 2295 889 2350 utque
921 2285 1052 2335 adeo
1079 2287 1174 2354 ipsi
1206 2288 1268 2338 fit
1294 2309 1432 2341 mens

68 2389 290 2438 divin-ior
326 2398 483 2453 acque
522 2405 578 2436 os
623 2364 819 2458 magna
853 2385 1184 2463 sonaturum.
1304 2379 1436 2446 Non

67 2493 259 2558 igitur,
300 2491 397 2542 ubi
421 2508 732 2558 magnarum
768 2511 948 2544 rerum
981 2497 1199 2547 obiectis
1227 2515 1255 2547 a
1283 2511 1440 2566 poeta

69 2595 204 2646 ideis
226 2595 442 2646 incendi
474 2606 632 2663 atque
653 2596 946 2648 exaestuare
969 2599 1151 2662 debet,
1192 2620 1316 2653 cum
1338 2606 1439 2653 mi-

1309 2706 1438 2758 fello
