1578 3126
171 201 331 255 ⁴vm
464 275 471 278 χ
574 210 1203 256 PRAEFATIO.

219 330 426 379 tationis
455 326 741 378 fubfidium
779 346 840 378 ex
870 347 1078 388 eorum,
1138 349 1270 397 quos
1302 332 1393 383 sua
1424 345 1556 384 aetas

217 432 378 490 vidit,
417 447 652 496 quosque
678 429 839 479 serior
857 432 1100 496 protulit,
1148 444 1419 497 poetarum
1450 453 1556 485 car.

216 534 446 582 minibus
481 530 653 598 petet,
709 532 1110 596 enotandisque,
1154 550 1285 598 quae
1325 538 1556 587 colorem

214 634 368 683 suum
401 649 463 681 ex
498 634 715 681 Horatio
751 632 944 684 duxisse
980 633 1255 692 videntur,
1302 637 1432 713 locis
1462 620 1557 702 ipsi

212 734 358 784 haud
395 750 579 800 parum
607 734 738 783 lucis
779 734 1065 792 adfundet;·
1112 751 1219 798 quo
1254 735 1367 802 ipso
1401 737 1553 787 dubi-

211 835 427 887 tandum
447 852 557 884 non
585 814 678 893 est,
729 837 858 900 quin
892 836 1201 885 liberalioris
1239 837 1442 911 ingenii
1470 839 1555 886 iu-

211 914 434 987 venibus
476 936 708 985 multum
756 930 1109 986 delectationis
1169 922 1418 988 allaturus
1477 936 1550 988 fit.

216 1040 408 1103 Neque
442 1048 612 1086 tamen
643 1037 873 1085 laborem
904 1035 1057 1087 suum
1083 1038 1292 1086 extendi
1314 1055 1370 1086 ac
1391 1055 1554 1104 paene

213 1139 382 1188 dicam
406 1135 610 1187 effundi
627 1138 682 1185 in
704 1137 806 1186 hoc
826 1125 1065 1200 patietur,
1104 1146 1164 1186 ut
1183 1135 1553 1196 sententiaran

210 1241 511 1305 vulgarium
553 1240 901 1302 locorumque
953 1237 1335 1286 communium.
1357 1236 1551 1290 struem

209 1341 335 1391 inde
358 1350 645 1397 coacervet,
694 1340 863 1403 iisque
881 1348 1086 1403 poetam
1107 1339 1321 1388 obruat:
1373 1334 1462 1388 sed
1491 1341 1550 1389 in

206 1444 289 1493 his
309 1440 671 1508 circumspecte
689 1439 1000 1497 versabitur,
1040 1456 1203 1506 eaque
1230 1450 1434 1490 tantum
1463 1440 1550 1491 ad·

207 1543 366 1601 feret,
405 1561 561 1608 quae,
610 1542 796 1592 eodem
816 1541 1064 1591 orationis
1086 1541 1261 1591 colore
1281 1541 1549 1603 delineata,

205 1648 390 1711 utique
410 1661 473 1694 ex
494 1646 709 1694 Horatio
731 1643 885 1692 ducta
904 1642 1075 1692 videri
1093 1659 1162 1708 po
1170 1640 1312 1693 (sunt.
1473 1710 1484 1721 ι

286 1727 288 1730 ¹
315 1750 602 1804 Praeterea,
641 1749 810 1810 quum
828 1745 1032 1793 Horatii
1049 1745 1274 1794 lectione
1296 1739 1548 1796 iuvenilis

202 1851 443 1915 inprimis
490 1859 619 1897 aetas
667 1847 832 1896 teneri
881 1845 1062 1904 soleat,
1136 1847 1390 1912 interpres
1434 1864 1549 1896 non-

203 1962 406 2000 tantum
427 1952 484 1999 in
513 1948 892 1999 difficilioribus
922 1959 1105 2015 poetae
1130 1950 1286 2007 locis,
1338 1959 1430 2000 aut
1451 1949 1547 2011 ubi

201 2052 338 2103 forte
373 2053 580 2102 doctam
612 2053 839 2116 aliquam
867 2062 918 2101 et
948 2051 1335 2117 exquisitiorem
1373 2048 1545 2099 obser-

202 2156 491 2211 vationem,
540 2171 697 2219 quarn
717 2155 774 2202 in
794 2170 938 2219 penu
956 2152 1134 2212 habet,
1180 2150 1542 2223 depromendi,

203 2267 291 2306 aut
313 2255 542 2305 severam
565 2256 622 2303 in
642 2256 768 2304 alios
788 2254 1076 2303 stricturam
1095 2229 1371 2304 exercendi
1395 2269 1539 2302 occa-

199 2356 396 2407 fionem
418 2356 512 2406 fibi
541 2357 706 2405 datam
738 2368 913 2422 putet,
947 2353 1213 2406 ambitiose
1231 2354 1540 2412 morabitur,

199 2459 289 2510 sed
323 2458 707 2508 adolescentum
740 2461 978 2517 utilitati,
1019 2473 1207 2523 ·>quam
1246 2448 1446 2523 semper
1478 2457 1538 2506 in

200 2563 365 2613 oculis
399 2560 535 2611 ferre
570 2561 748 2622 debet,
795 2563 962 2613 multo
997 2560 1157 2626 magis
1195 2556 1449 2618 consulet,
1497 2555 1536 2607 fi

1409 2676 1533 2710 con·
