1578 3126
423 159 1061 208 PRAEFATIO.
1355 174 1429 205 :tv

26 307 28 309 ’
59 286 342 336 subtilitate
368 287 551 336 oculos
571 303 736 353 paene
758 285 1050 344 fallentem,
1106 284 1425 334 resolverem
1495 299 1499 301 ⁴

60 400 215 455 atque
243 389 586 456 explanarem.
644 394 764 458 Quo
792 391 1010 456 quidem
1033 407 1116 439 me
1135 389 1238 439 hoc
1269 388 1419 438 simul

57 491 443 558 consequutum
472 491 568 542 esse
605 493 857 553 arbitror,
904 504 965 543 ut
991 494 1056 543 iis
1083 492 1295 541 tandem
1328 491 1414 540 ali-

53 597 269 661 quando
307 595 434 646 fides
478 597 790 663 derogetur,
851 598 972 663 qui,
1036 614 1164 663 quas
1196 597 1420 645 virtutes

51 699 241 764 lyricas
273 699 486 766 spiritus
518 702 714 764 poetici
742 701 922 764 inopia
958 698 1108 764 sequi
1132 674 1417 747 ¹intellectu

48 801 201 852 haud
222 802 520 868 potuer-int,
579 817 660 850 eas
690 802 748 849 in
787 802 932 850 vitiis
964 811 1306 867 reponerent,
1358 818 1415 849 ac

47 905 151 953 vel·
181 902 336 971 plane
381 920 578 957 nexum
619 904 678 952 in
719 900 1041 969 quibusdam
1089 904 1411 952 carminibus

49 1005 420 1064 defiderarent,
488 1007 574 1055 vel
624 1009 984 1056 amoeniorem
1021 1018 1072 1055 et
1108 1009 1167 1056 in
1209 1007 1411 1056 multos
1477 1001 1487 1020 ³

45 1109 213 1161 flexus
264 1111 596 1160 recedentem
640 1111 845 1176 ingenii
886 1109 1142 1160 incessum
1179 1111 1409 1176 graviter

43 1214 504 1290 reprehenderent.
546 1217 851 1264 Sermonem
873 1214 1106 1279 denique
1135 1216 1407 1280 poeticum

43 1330 108 1369 ut
141 1310 278 1370 iusto
308 1318 474 1368 modo
510 1335 566 1367 ac
611 1317 884 1385 perspicue
930 1317 1275 1376 declararem,
1348 1318 1405 1366 id

39 1436 170 1478 vero
194 1423 285 1471 vix
304 1423 453 1471 aliter
473 1440 558 1473 me
578 1421 998 1487 adsequuturum
1026 1419 1123 1470 effe
1151 1422 1405 1479 intellexi,

4 1536 5 1539 ’
39 1535 201 1593 quam
237 1537 300 1576 ut
332 1543 483 1586 eum,
535 1526 736 1576 deterso
773 1527 922 1576 omni
954 1526 1133 1575 colore
1175 1527 1404 1592 poetico,

17 1629 419 1700 dii—pedestrem
447 1629 674 1682 formam
709 1629 1063 1695 diffingerem,
1123 1640 1174 1677 et
1201 1630 1404 1695 ubique

37 1735 197 1784 claras
230 1735 475 1783 notiones
512 1732 894 1784 substituerem.
996 1736 1169 1798 Atque
1211 1735 1270 1781 in
1299 1733 1402 1807 hoc

37 1838 260 1886 nimiam
287 1853 464 1884 curam
494 1848 653 1900 quam
683 1836 979 1894 defectum,
1040 1838 1240 1903 quippe
1276 1835 1401 1885 ado-

35 1939 379 1997 leseentibus,
440 1955 597 2004 opem
636 1938 1073 1998 defiderantibus,
1130 1937 1398 1989 molestio-

20 2031 177 2100 rem,
210 2042 379 2090 malui
405 2042 734 2106 reprehendi.

153 2148 230 2194 Ex
258 2145 348 2194 his<
375 2145 622 2195 omnibus
654 2143 770 2195 satis
803 2147 1029 2214 intelligi
1052 2148 1272 2213 opinor,
1314 2163 1396 2194 me

0 2236 93 2306 fin
115 2247 382 2298 tractando
402 2248 701 2314 hoc-opere
735 2251 960 2300 rationes
1004 2252 1076 2299 ita
1106 2248 1396 2307 instituiffe,

0 2339 95 2417 sut
117 2369 229 2402 non
251 2362 357 2400 tam
375 2352 628 2410 aliorum,
676 2355 769 2418 qui
793 2354 1014 2402 eandem
1044 2356 1189 2403 viam
1223 2353 1395 2404 trivis-

0 2448 171 2520 strant,-
232 2439 447 2521 v⁶estigia
476 2455 748 2522 sequerer,
810 2457 1264 2523 adminiculaque,
1327 2457 1393 2507 ad

0 2521 164 2625 {quae
184 2558 473 2618 adniterer,
513 2557 984 2626 circumspicerem,
1022 2578 1182 2629 quam
1207 2573 1264 2611 ut
1286 2561 1395 2628 ipse

773 2663 802 2695 ἡ*
824 2664 852 2696 ’⁶
894 2671 931 2727 4
1260 2666 1398 2715 milii
