1578 3126
314 580 1209 666 ELENCHVS

70 737 971 839 copICVM
1107 734 1441 794 Mss.

128 891 134 901 =
197 872 285 910 -AD
307 872 438 921 QVOS
456 871 717 909 HORATIVS
735 869 923 907 ADHVC
945 869 1176 909 EXACTVS
1193 868 1298 906 EST.

65 1084 178 1157 De
198 1114 338 1156 Codd.
362 1113 532 1154 Horatii
549 1113 595 1152 in
613 1125 770 1167 genere
792 1110 1084 1157 monendum,
1119 1123 1293 1158 omnes,
1330 1124 1438 1166 quos

66 1182 199 1224 hodie
232 1181 457 1227 habemus,
490 1195 513 1221 e
543 1181 786 1221 recensione
820 1179 959 1221 Vettii
986 1180 1137 1232 Agorii
1162 1177 1322 1238 Basilii
1340 1181 1440 1220 Ma—

65 1253 210 1298 vortii,
245 1251 503 1304 quiquidem
516 1247 677 1290 Consul
699 1248 781 1288 fuit
800 1248 886 1288 fine
904 1247 1065 1302 collega
1082 1261 1196 1287 anno
1214 1247 1306 1301 post
1320 1247 1440 1289 Chri-

65 1319 175 1360 stum
205 1318 500 1360 DCCXXVII.
532 1327 575 1358 et
614 1317 784 1362 Felicis,
838 1316 1016 1356 oratoris
1059 1316 1205 1361 Vrbis,
1263 1314 1437 1357 fluxiffe.

66 1388 132 1428 Ita
157 1387 275 1427 enim
313 1388 359 1427 in
386 1386 696 1440 antiquioribus
736 1384 991 1430 Codicibus,
1039 1383 1255 1431 Leidenfi‚
1309 1385 1438 1440 Regi-

51 1455 184 1498 ,nenfi
202 1456 397 1510 aliisque,
434 1456 498 1494 uti
524 1454 739 1494 ssentleius
762 1454 806 1492 in
826 1450 953 1507 praef.
977 1451 1164 1499 t'c-statur,
1209 1452 1301 1506 post
1325 1454 1438 1508 Epo-

6 1513 34 1557 s
67 1523 147 1565 dos
164 1523 312 1565 litteris
339 1523 581 1564 maiusculis
610 1515 811 1576 scriptum
834 1519 988 1560 fertur:

134 1625 330 1653 vl-:T'rtvs
369 1623 574 1652 sAconxvs
630 1622 833 1650 Basxmvs
887 1621 1154 1650 nmvonrrve
1198 1623 1244 1649 v.
1290 1621 1329 1650 e.
1381 1622 1439 1650 Εἰ·

132 1692 233 1721 nu..
264 1692 431 1723 Excom.
466 1692 582 1720 nom.
616 1691 799 1719 Excons.
837 1690 943 1718 om).
975 1689 1080 1717 mam
1115 1690 1172 1718 ET
1205 1691 1266 1717 vr
1295 1690 1434 1718 Porvr

133 1761 400 1789 EMENDAVI.
473 1759 779 1789 coNFEREN‘rE
835 1758 945 1787 mnu
1002 1757 1233 1787 mAfflsTno
1280 1758 1438 1787 mmet:

137 1817 350 1857 o'RA'rORE
386 1829 518 1856 vante
556 1827 730 1855 ROMAE.

67 1903 114 1944 h.
166 1904 249 1946 Vir
292 1900 536 1963 clariffimus
569 1912 611 1943 ec
646 1901 856 1964 inlrgslris,
911 1902 1142 1943 Excomice
1175 1897 1438 1966 Domestico,

66 1964 311 2032 Exconfille
354 1970 611 2018 ordinario,
631 2000 635 2004 -
668 1973 823 2012 eodem
866 1971 1006 2011 Bentl.
1049 1972 1293 2026 interprete.
1368 1971 1437 2014 Cf.

65 2040 248 2082 Relandi
270 2039 371 2080 Fast.
392 2039 564 2080 Consul.
588 2054 630 2094 p.
654 2040 766 2091 696.
803 2042 860 2079 Ac
878 2039 1083 2079 librorum
1101 2041 1276 2093 quidem
1297 2041 1438 2087 Mss„

66 2108 140 2161 qui
161 2106 391 2160 supersunt,
426 2109 497 2147 etfi
514 2121 644 2162 paene
665 2108 857 2148 infinitus
881 2109 923 2147 in
942 2107 1213 2148 bibliothecis
1233 2123 1438 2149 numerus

43 2176 322 2228 reperiatur,
366 2189 521 2230 paucos
542 2186 704 2222 tamen,
749 2177 821 2229 qui
849 2177 964 2216 Saec.
997 2177 1047 2216 X.
1078 2177 1308 2232 attingant,
1341 2191 1438 2231 pau—

67 2241 251 2284 ciffimos
281 2258 408 2299 vero,
454 2246 526 2298 qui
558 2243 659 2283 illud
689 2244 961 2299 probabiliter
990 2253 1281 2290 antevertant,
1320 2246 1438 2285 inve·

64 2312 172 2359 niti,
209 2311 302 2352 satis
321 2313 491 2352 constat.
539 2314 608 2351 Vti
631 2322 772 2352 autern
791 2314 987 2367 exiguam
1007 2313 1242 2352 admodum
1263 2312 1439 2354 istorum

64 2388 228 2434 partem
246 2381 391 2421 critico
413 2382 608 2421 acumine
628 2380 854 2427 exenffam,
901 2389 943 2420 et
971 2382 1249 2421 emaculandc
1288 2393 1438 2435 poetae

10 2452 12 2459 '
65 2448 280 2489 admotam
298 2448 376 2489 effe
396 2463 461 2489 res
488 2448 571 2502 ipsa
592 2450 718 2488 fidem
739 2447 847 2495 facit,
877 2450 933 2488 ita
954 2449 1063 2488 bona
1082 2447 1252 2489 fortuna
1272 2450 1438 2496 accidit,

64 2521 114 2554 u't
131 2515 207 2562 iis,
245 2517 316 2570 qui
335 2518 386 2556 ad
406 2518 722 2558 emendandum
747 2526 912 2557 textum
932 2517 1062 2557 studia
1091 2515 1159 2556 sua
1182 2515 1438 2564 conferrent,

65 2585 253 2637 optimae
275 2583 362 2625 fere
384 2598 574 2639 quosque
597 2596 721 2625 notae
742 2586 870 2626 libros
895 2585 1014 2626 MSS.
1038 2583 1295 2638 inspiciundi
1317 2588 1440 2639 copia

15 2681 18 2684 -
64 2649 170 2692 facta
189 2653 262 2698 fit,
295 2662 341 2691 ut
361 2655 467 2694 adeo
490 2655 542 2693 de
562 2655 732 2707 reliquis
755 2654 1084 2709 pervestigandis
1110 2652 1339 2708 seduloque
1370 2668 1439 2694 ex-

65 2720 276 2762 cutiendis
313 2734 405 2762 non
442 2731 664 2777 tantopere
705 2722 984 2763 laborandum
1018 2722 1227 2764 videatur.
1297 2724 1437 2774 Atque

125 2794 227 2836 Tom.
257 2800 287 2834 1.
840 2805 870 2836 ,a
1327 2785 1436 2831 'haec
