1664 3112
213 240 230 246 “
519 231 1082 265 EDITIONIBVS.
1394 230 1484 263 LIX

121 365 165 394 es
186 360 257 412 tu,
299 352 452 405 inquit,
481 351 554 405 qui
574 364 658 390 una
677 363 774 390 cum
789 349 954 391 Sabino
981 349 1120 392 nostro
1148 350 1195 390 in
1225 348 1486 404 corrigendis

117 421 445 482 redigendisque
469 420 535 459 his
552 418 842 460 voluminibus
865 417 1096 472 impensam
1117 431 1288 472 operam
1312 417 1483 457 navasti.

121 487 212 542 Ipse
234 502 334 528 vere
357 488 536 528 Helius
524 502 568 526 m
592 489 674 527 fine
686 474 883 540 epistolae
901 485 1161 540 responsivae
1173 488 1223 527 ad
1244 484 1487 525 Tuscanum

120 556 174 596 lic
190 555 351 595 scribit:
388 585 415 603 „
428 556 514 597 Sed
528 555 610 596 hoc
627 555 738 595 mihi
757 555 981 595 molestum
999 555 1068 601 est,
1104 555 1246 608 quod
1235 568 1280 593 m
1306 554 1372 594 hie
1396 553 1485 592 Ho-

119 625 214 664 ratii
239 624 382 670 libris,
426 625 503 677 qui
529 632 572 663 te
599 624 783 662 maxime
812 623 1007 663 hortante
1036 620 1222 676 impreffi
1246 620 1361 668 sunt,
1382 620 1498 660 non*

107 705 239 746 ream,
272 705 400 746 quam
418 686 696 732 vehomenter
721 690 945 743 optaffem,
980 691 1291 732 emendationis
1312 690 1490 743 diligen-

123 761 224 800 tiam
241 760 439 799 exhibere
458 759 602 812 potui:
635 767 678 814 at
694 766 806 797 certe
826 766 1033 810 quantum
1063 759 1108 796 in
1131 772 1199 797 me
1216 756 1318 802 fuit,
1355 767 1397 797 et
1418 771 1487 796 cu·

123 840 214 882 ram
233 839 407 866 omnem
425 834 467 864 et
489 824 672 864 studium
689 823 891 863 adhibui:
932 822 1002 863 sed
1026 826 1202 864 Acronis
1220 825 1486 878 exemplaria,

123 890 172 934 u't
190 891 294 940 scin„
319 889 512 938 defuere,
548 904 684 931 unum
705 890 955 938 habuimus,
998 905 1078 931 nec
1099 892 1142 930 id
1170 891 1263 932 satis
1289 893 1486 932 emenda-

122 957 239 1008 tum3
281 969 496 1013 utcunque
523 967 664 999 tamen
695 959 744 999 fit
771 969 812 1000 et
839 959 1021 999 libenter
1054 957 1256 1005 fecimus,
1291 969 1335 1000 et
1363 959 1486 1001 facie·

123 1042 218 1068 mus
244 1027 297 1068 de
327 1029 545 1085 integrof‘-
611 1029 728 1067 Duae
758 1027 834 1067 hae
863 1027 1057 1081 epistolae
1079 1037 1287 1082 occupant
1306 1039 1486 1082 quatuor

122 1097 260 1150 priora
287 1094 409 1143 folia,
451 1095 523 1136 seu
546 1096 730 1135 exactius
758 1097 929 1150 paginas
964 1097 1034 1136 VI.
1069 1105 1112 1135 et
1141 1096 1272 1137 lineas
1299 1098 1369 1136 Vl.
1413 1099 1485 1136 Se-

123 1165 271 1218 quenti
287 1165 437 1218 quinto
460 1166 736 1204 continentur
758 1165 863 1204 duae
888 1164 1052 1204 Horatii
1076 1165 1215 1205 Vitae:
1262 1165 1396 1220 prima
1423 1164 1486 1203 fu-

82 1283 85 1286 .
123 1224 206 1272 fiorv
229 1231 460 1272 secundum
488 1232 723 1279 Acronem;
773 1232 899 1272 altera
927 1233 1100 1272 brevior
1125 1231 1356 1273 secundum
1386 1233 1488 1272 Por-

122 1300 401 1353 phyrionem.
464 1299 564 1341 Post
581 1300 683 1340 haec
702 1300 852 1354 incipit
872 1309 996 1354 poeta
1018 1299 1124 1354 ipse,
1173 1302 1292 1342 cuius
1317 1301 1492 1357 lingulis

122 1368 484 1409 lucubrationibus
516 1366 790 1407 subiiciuntur
820 1369 1158 1423 explanationes,
1208 1370 1381 1411 Acronis
1410 1370 1493 1424 pri·

124 1448 220 1483 mo,
275 1445 318 1477 et
355 1437 510 1480 deinde
547 1427 873 1490 Porphyrionis.
950 1438 1060 1477 Tam
1104 1446 1254 1488 poetae
1293 1438 1490 1484 carmina,

69 1501 78 1504 “
124 1517 249 1578 quam
267 1505 547 1559 interpretum
565 1505 880 1558 explanationes
909 1505 1003 1545 sunt
1022 1518 1109 1546 uno
1141 1507 1393 1564 eodemque
1403 1507 1490 1546 Ro-

125 1566 252 1613 mano
272 1569 520 1618 charactere,
554 1575 629 1626 qui
649 1573 765 1622 idem
786 1573 952 1627 prorsus
975 1574 1031 1614 est
1053 1588 1099 1614 ac
1118 1575 1166 1620 is,
1189 1587 1273 1628 quo
1296 1574 1488 1614 Barthol.

130 1632 467 1680 Guldinbeckius
495 1654 532 1680 a.
562 1642 702 1693 1476.
735 1642 949 1683 Summam
981 1643 1023 1683 S.
1057 1642 1240 1682 Thomae
1266 1642 1316 1681 de
1336 1644 1490 1683 articu-

127 1707 177 1748 lis
193 1706 304 1768 fidei
329 1706 547 1763 impreffit.
633 1709 787 1750 Graeca
814 1709 896 1751 suis
922 1711 1025 1751 locis
1054 1709 1204 1750 inserta
1233 1710 1350 1758 sunt3
1403 1724 1492 1753 non

130 1775 286 1830 ubique
305 1785 462 1816 tamen.
533 1777 678 1816 Editio
706 1776 920 1830 splendida
938 1778 1014 1823 est,
1049 1779 1134 1818 fine
1151 1779 1391 1834 signaturis,
1417 1793 1492 1818 nu·

131 1845 278 1890 meris,
309 1844 575 1890 custodibus,
609 1857 654 1883 ac
677 1845 871 1899 registro:
907 1855 1101 1899 extatque
1120 1847 1166 1885 in
1189 1847 1287 1886 bibl.
1323 1847 1493 1888 Casana·
1541 1890 1546 1898 Ι

124 1911 258 1959 tensi,
293 1911 402 1966 apud
430 1912 472 1952 S.
494 1911 556 1951 M.
577 1912 628 1949 de
651 1912 840 1964 Populo,
886 1914 989 1953 etin
1014 1914 1115 1954 bibl.
1135 1915 1176 1955 S.
1198 1914 1262 1955 M.
1282 1915 1333 1954 ad
1355 1915 1494 1970 Quer-

135 1993 232 2018 cum
257 1978 310 2020 O.
342 1979 394 2022 P.
419 1978 469 2031 P.
494 1979 580 2020 PP.
613 1980 805 2021 Viterbii.
876 1982 1090 2022 Hactenus
1128 1983 1307 2023 Audiffr.
1359 1982 1490 2024 Gonf.

136 2047 283 2087 Maitts
303 2060 347 2100 p.
382 2055 494 2098 752.
525 2056 567 2086 et
597 2061 639 2100 p.
675 2049 786 2096 766.
834 2050 1005 2090 Debure
1034 2049 1138 2091 bibl.
1160 2052 1289 2090 Ducis
1311 2052 1494 2091 Vallierii
1534 2039 1539 2044 ⁴

134 2116 187 2156 T.
218 2115 275 2154 11.
308 2129 349 2168 p.
377 2126 454 2166 91.
485 2116 556 2168 qui
584 2124 724 2156 tamen
748 2130 872 2170 opera
901 2112 1067 2158 Horatii
1106 2120 1250 2160 omnia
1280 2121 1355 2161 isto
1382 2121 1491 2160 libro

134 2183 345 2223 contineri
362 2181 460 2223 falso
483 2183 633 2224 statuit.
703 2183 823 2226 Adde
849 2185 879 2225 F
882 2186 952 2226 off.
973 2186 1102 2227 Catal.
1122 2186 1224 2228 bibl.
1247 2188 1495 2244 Magliabec.

136 2251 168 2292 1.
191 2264 235 2304 p.
270 2259 382 2301 802.
429 2252 480 2291 In
508 2251 736 2305 Catalogue
769 2253 820 2293 de
850 2254 887 2292 la
918 2254 1113 2294 biblioth.
1136 2256 1193 2295 du
1221 2257 1328 2303 Roi,
1366 2256 1494 2296 belles

138 2318 300 2359 Lettres
317 2333 358 2372 p.
386 2328 494 2371 298.
518 2329 775 2359 memoratur
803 2331 925 2362 vetuo
948 2323 1081 2363 editio
1107 2337 1204 2362 cum
1235 2334 1496 2365 commenta·

134 2387 207 2427 riis
236 2388 407 2428 Acronis
438 2397 481 2427 et
500 2387 812 2439 Porphyrionis
834 2389 860 2430 s.
881 2391 908 2430 1.
935 2399 978 2430 et
1008 2405 1044 2432 a.
1075 2400 1118 2430 et
1143 2393 1249 2432 circa
1278 2407 1313 2434 a.
1354 2393 1494 2445 1430.

136 2456 332 2509 ponitur3
368 2454 434 2494 sed
455 2455 566 2495 haud
589 2454 716 2495 dubie
734 2457 835 2497 haec
855 2458 938 2512 ipsa
959 2459 1001 2498 h.
1023 2473 1058 2499 a.
1083 2459 1151 2503 est,
1190 2469 1231 2500 et
1251 2462 1498 2514 exemplum

138 2519 243 2563 istu‘d
271 2521 382 2562 forte
412 2523 655 2570 destitutum
694 2535 781 2564 erat
810 2526 844 2565 V
869 2527 1079 2580 prioribus
1119 2525 1252 2574 soliis,
1315 2528 1497 2569 Tuscani

140 2599 182 2630 et
204 2582 318 2631 Helii
337 2591 621 2646 Parthenopei
642 2603 738 2646 epp.
772 2607 871 2634 cum
906 2594 995 2636 vita
1023 2595 1190 2642 Horatii
1214 2597 1497 2652 complecten-

143 2658 268 2701 tibus.

1372 2808 1512 2855 ι477·
1558 2876 1561 2877 7
