1578 3126
395 172 823 209 coDIGIBvs
886 169 1032 205 MSS·
1373 167 1432 201 lx

65 294 257 347 testatur„
277 292 509 335 Sermones
528 289 739 332 subiectos
760 289 890 332 habet
909 288 1120 345 Epistolis,
1148 300 1254 342 quae
1272 286 1433 328 librum
1463 269 1475 281 '
1497 311 1499 313 -

68 363 284 406 claudunt.
388 404 391 410 ,

145 444 149 447 ·
173 429 377 472 Codicum
403 428 818 470 Hannoveranorum
847 425 1046 473 duorum,
1088 438 1140 466 ex
1171 423 1435 464 bibliotheca

66 499 205 554 regia,
248 496 484 554 fragmenta
513 497 852 540 membranacea,
899 502 929 546 8
958 496 1064 535 min.
1134 494 1278 534 Vnum
1299 492 1438 531 chara·

69 576 182 607 ctere
212 566 563 621 Longobardico‚
616 563 686 604 sed
719 564 839 604 tenui
868 572 911 612 et
939 563 1144 618 eleganti,
1188 573 1268 601 nec
1291 568 1438 600 tamen

69 635 155 677 fine
174 647 332 677 vocum
351 633 632 687 compendiis,
667 631 881 686 scriptum,
917 632 1109 671 continet
1126 631 1262 671 Serm.
1277 629 1312 668 1.
1332 641 1350 666 ι
1371 644 1438 654 ——

73 712 118 745 2.
153 713 258 742 121.
282 711 375 740 tum
392 702 424 741 1.
446 707 492 751 4..
512 707 546 752 4
563 723 628 730 —
652 700 709 738 11.
729 706 775 750 4..
801 707 879 748 504
912 711 1040 751 porro
1062 700 1115 737 11.
1141 698 1185 737 6.
1216 703 1275 748 ¹4
1303 708 1439 747 usque

71 771 123 810 ad
156 771 287 810 finem
314 768 426 808 libri.
495 767 711 810 Alterum,
763 766 917 804 litteris
950 762 1242 805 minutiffunie
1269 764 1442 818 Longo-

55 823 283 882 beminis(
306 834 435 875 habet
455 833 582 887 Epist.
606 835 639 872 l.
671 841 714 883 5.
742 842 803 881 27
834 854 887 862 -·
919 832 953 873 1.
984 841 1054 883 ²8·
1085 841 1158 883 13.

117 930 146 949 ,α
175 902 359 943 Collatia
380 901 575 945 Saxiana
593 900 637 940 h.
659 914 697 939 e.
723 901 981 940 variantium
1001 900 1238 940 lectionum
1266 898 1440 954 sylloge,

70 964 112 1012 a*
151 970 348 1012 Christo.-
403 970 528 1013 Saxio
574 967 874 1022 descriptarum
926 969 1080 1022 partim
1134 968 1187 1007 de
1243 967 1442 1020 exemplo

69 1039 447 1094 Cuningamianae'
465 1037 690 1082 editionis,
741 1037 810 1076 cui
849 1049 916 1075 eas
944 1036 1157 1075 adleverat
1183 1036 1357 1077 Curtius
1390 1047 1444 1074 ex

72 1120 163 1148 uno
195 1106 289 1146 cod.
320 1105 542 1160 Lipfienfi,
589 1114 632 1145 et
670 1117 760 1144 uno
791 1104 1043 1149 Vinarienfi,
1086 1105 1240 1158 partim
1270 1103 1324 1143 de
1357 1103 1440 1142 alio
1482 1111 1489 1121 '

4 1231 5 1234 Ἴ
73 1174 375 1215 Maettarianae
394 1173 619 1217 editionis,
655 1173 723 1211 cui
745 1173 866 1212 docta
892 1185 1042 1211 manus
1064 1174 1120 1212 IV
1142 1173 1355 1217 Codicum
1383 1171 1445 1211 le-

75 1244 240 1283 ctiones
263 1241 540 1296 adscripserat.
594 1241 659 1280 Ex
682 1253 729 1280 ea
752 1239 935 1294 sylloge,
967 1239 1043 1279 fibi
1069 1239 1208 1285 miffa,
1243 1253 1320 1292 pro
1339 1251 1447 1278 con·

73 1311 164 1351 filio
195 1310 268 1353 suo
302 1310 506 1363 quaedam
536 1309 730 1349 enotavit
756 1303 991 1354 Gesnerus,
1038 1321 1142 1361 quae
1163 1307 1318 1361 syllaba
1339 1307 1445 1347 Sax.

77 1379 360 1434 designantur.

67 1490 75 1493 μ
182 1445 330 1487 Codex
375 1447 444 1486 Io.
480 1444 690 1491 Brodaei‚
744 1444 863 1484 cuius
893 1444 1167 1484 collationem
1200 1442 1448 1496 adscriptam

78 1515 275 1568 exemplo
297 1515 602 1554 Torrentianae
634 1513 836 1552 editionis
859 1512 1008 1551 habuit
1028 1511 1250 1565 Gesnerue.
1285 1512 1351 1552 Ex
1380 1512 1448 1557 iis,

77 1595 183 1635 quae
202 1583 248 1621 in
267 1583 350 1622 fine
371 1582 529 1622 codicis
551 1580 658 1627 sunt,
691 1590 873 1634 apparet,
895 1579 1095 1620 eum.effe
1115 1594 1138 1620 e
1159 1579 1320 1620 saeculo
1332 1580 1448 1620 XIV.

77 1650 306 1690 Lectiones
323 1650 522 1703 quasdam
541 1649 716 1690 exhibet
731 1648 1052 1695 memorabilem
1085 1648 1237 1689 multas
1253 1649 1450 1702 optimas,

78 1726 129 1758 ut
148 1718 289 1763 Carm,
311 1719 369 1759 11.
399 1731 472 1759 10.
502 1731 575 1759 10.

402 1834 828 1875 CODICES
903 1833 1133 1875 IANI.

183 1916 361 1960 Codices
396 1910 692 1976 Deffauienses
711 1917 794 1956 duo
808 1946 819 1963 ‚
865 1931 917 1958 ex
938 1918 1056 1958 Italia
1075 1931 1127 1958 eo
1149 1918 1312 1972 perlati,
1345 1931 1453 1972 quo-

82 1999 180 2027 rum
199 1987 387 2038 primus,
423 1986 791 2031 membranaceus,
826 1987 873 2025 in
903 1985 1009 2026 folio
1028 1987 1208 2033 minori,
1251 1987 1455 2040 laceratus

83 2063 129 2094 et
159 2055 351 2094 mutilus.
429 2053 663 2106 Manipuli,
716 2067 900 2106 quorum
927 2054 1077 2109 singuli
1103 2055 1259 2110 integri
1294 2055 1457 2096 habent

87 2123 147 2162 IV
170 2122 353 2177 plagulas
374 2122 665 2175 complicatas,
701 2123 892 2162 numeris
914 2124 1116 2168 romanis,
1151 2123 1201 2162 ab
1226 2123 1303 2162 alia
1324 2134 1458 2163 manu

87 2183 266 2236 additis,
310 2198 421 2229 certe
443 2190 664 2243 reparatis,
701 2190 938 2244 signantur,
975 2200 1019 2230 et
1041 2192 1374 2246 progrediuntur
1403 2192 1459 2231 ad

85 2258 226 2299 XXII.
294 2257 483 2312 Paginae
522 2271 602 2296 nec
640 2269 870 2298 numerum
909 2273 986 2299 nec
1025 2259 1242 2300 custodem
1280 2259 1454 2300 habent.

87 2326 250 2366 Textus
273 2333 390 2366 totus
412 2325 469 2365 est
489 2325 540 2364 ab
569 2326 714 2365 eadem
737 2340 890 2378 manu,
935 2327 1183 2380 pallescente
1213 2327 1462 2383 Longobar-

44 2428 51 2436 ,
89 2393 186 2433 dico
208 2393 441 2439 charactere
452 2416 479 2439 ,η
501 2403 664 2446 praeter
686 2394 868 2434 initiales
886 2394 1084 2435 versuum
1101 2396 1342 2448 quadratas,
1378 2396 1460 2436 ele·

34 2460 38 2466 “
90 2470 238 2517 ganter
255 2470 300 2502 et
316 2462 366 2502 ad
390 2461 520 2501 lineas
542 2461 822 2504 instrumento
842 2461 978 2503 ferreo
1001 2463 1237 2518 impressas,
1270 2463 1458 2516 scriptus.

91 2529 278 2576 Litterae
296 2530 478 2570 initiales
500 2531 679 2570 maiores
703 2528 865 2576 desunt,
902 2545 980 2571 nec
1002 2533 1078 2571 nisi
1096 2533 1227 2572 rarius
1250 2530 1464 2586 suppletae

91 2595 228 2637 sunt-a
247 2611 378 2637 manu
395 2596 588 2638 secunda.
659 2599 835 2651 Semper
858 2592 898 2658 s
917 2599 1097 2654 longum
1119 2602 1164 2639 in
1193 2601 1299 2648 fine;
1333 2601 1348 2639 i
1377 2598 1463 2640 fere

91 2664 178 2707 fine
195 2665 338 2722 apice3
373 2678 536 2708 vocum
558 2666 813 2722 compendia
841 2665 1002 2720 semper
1024 2670 1195 2717 eadem
1241 2669 1467 2710 correctio·

881 2744 1010 2787 35,
1390 2750 1471 2777 nes
