1578 3126
180 196 271 224 xm
534 146 1151 227 PRAEFATIO.

184 303 319 350 milii
360 305 500 352 viam
552 303 850 359 sternerem‚
934 317 1158 365 meoque
1203 299 1518 366 potiffimum

189 405 356 450 Marte
384 404 576 452 starem.
656 406 774 469 Quo
806 403 981 449 minus
1013 379 1152 450 enim
1179 419 1262 450 me
1289 403 1347 450 in
1382 417 1521 450 com-

189 505 592 559 mentariorum,
630 501 745 559 seu,
792 513 855 550 ut
883 502 1200 564 antiquiores
1222 502 1549 567 interpretes'

195 601 339 648 haud
376 604 550 665 inepte
583 602 888 667 indigitant,
935 613 1352 674 commentorum
1378 600 1529 649 vasti·
1574 629 1578 631 -

197 709 320 748 tates
353 702 710 760 immitterem,
758 719 879 751 cum
917 701 1119 750 infinita
1149 718 1328 751 eorum
1368 703 1530 766 copia,

201 810 312 848 tum
331 804 550 850 maxime
570 801 676 866 ipsa
693 799 1075 852 commentandi
1093 803 1224 852 ratio
1246 801 1528 850 absterruit.

199 901 261 947 In
291 902 671 965 antiquioribus
702 905 841 951 enim
877 918 1081 966 quum,
1116 904 1286 951 aetatis
1319 901 1534 966 quidem

204 998 351 1048 istius
402 1003 557 1060 vitio,
638 1004 742 1053 s01a
783 1003 892 1051 fere
942 1003 1177 1051 doctrina
1230 995 1536 1058 scholastica,

211 1103 357 1149 omni
377 1103 656 1152 venustatis
677 1102 1073 1168 poeticae'sensu
1091 1104 1304 1160 eiurato,
1344 1111 1537 1166 regnet,

209 1203 518 1251 recentiores
549 1215 720 1252 autem
747 1205 983 1269 plerique
1011 1203 1400 1268 interpretesin
1421 1203 1540 1252 vul·-

210 1302 420 1364 garibus
447 1302 620 1351 diserti
651 1306 924 1362 lectorem,
967 1304 1060 1352 ubi
1094 1312 1248 1369 opem
1278 1302 1540 1367 desideret,

212 1398 321 1448 fere
346 1402 645 1462 destituant,
680 1405 1042 1470 capta-udisque
1062 1403 1271 1474 insuper
1294 1404 1544 1452 acumini-

213 1501 336 1558 bus,
385 1503 618 1568 dilogiis,
669 1517 718 1553 et
746 1523 876 1571 quae
903 1506 959 1554 id
986 1522 1148 1571 genus
1175 1503 1323 1562 sunt,
1358 1520 1544 1575 verum

217 1600 421 1652 sensum
461 1609 725 1669 poeticum
761 1606 1002 1671 perdant,
1043 1623 1098 1674 ac
1134 1603 1370 1670 speciosls
1410 1621 1548 1654 com-

217 1705 407 1753 mentis
457 1708 598 1754 varie
656 1706 908 1765 illudant3
959 1705 1122 1754 'facile
1171 1691 1550 1771 praevidebam,

219 1804 822 1868 generofiorem‘mentis
863 1809 1120 1871 impetum
1157 1807 1396 1855 lectionis
1438 1823 1552 1855 mo-

223 1904 366 1952 lestia
403 1917 554 1970 atque
583 1908 752 1957 taedio
796 1906 1225 1965 sufflaminatum‚
1289 1907 1552 1970 animique

223 2005 482 2055 iudicium
504 2008 654 2071 plane
678 1984 920 2057 obtusum
939 2009 1019 2056 iri.
1094 2008 1214 2057 Rite
1233 2008 1394 2071 igitur
1412 2023 1555 2072 prae,-

226 2108 412 2170 p'aratis
460 2109 703 2157 omnibus
743 2107 908 2157 acceffi
947 2109 1011 2157 ad
1046 2110 1178 2156 hanc
1216 2099 1569 2173 provinciann*

228 2217 473 2272 tanquam
502 2227 530 2257 a
562 2211 770 2258 nemine
801 2209 930 2258 dum
963 2218 1283 2273 occupatam,
1342 2225 1556 2273 eamque

232 2308 298 2356 ad.
334 2309 690 2375 praescriptam
723 2328 752 2358 a
779 2327 864 2358 me
899 2308 1134 2376 superius
1169 2308 1451 2358 formulam
1489 2312 1560 2358 ita

233 2410 449 2474 quidem
468 2411 753 2475 regundam
776 2412 1160 2475 ornandamque
1183 2409 1358 2468 statui,
1407 2422 1468 2462 ut
1483 2410 1562 2483 *acl

235 2527 413 2560 meum
433 2511 640 2577 prorsus
662 2510 866 2562 sensum
887 2512 1112 2579 quodvis
1135 2529 1339 2562 carmen
1362 2522 1565 2561 excute-

1455 2628 1567 2661 rem
