1578 3126
352 479 1147 577 PRAEFATIO.

62 761 276 878 Quod
318 795 598 852 homine5‚
664 792 1030 860 longinquum
1071 793 1174 844 iter
1218 792 1438 860 ingreffi,

62 901 234 953 facere
254 900 451 957 solent,
492 907 580 955 ut,
619 896 717 947 ubi
740 897 924 963 paullo
950 897 1167 963 longius
1194 897 1437 963 profecti,

63 1015 121 1055 et
138 988 204 1054 in
222 973 500 1070 peregrina
523 1001 639 1051 loca
673 999 834 1050 delati
856 999 1006 1048 aliud
1036 1000 1170 1049 coeli
1197 1017 1438 1049 momen-

64 1117 184 1157 tum
222 1105 360 1156 ver'ti
402 1105 665 1170 aliamque
705 1119 887 1151 rerum
916 1099 1123 1150 scenam
1159 1101 1438 1153 succedere

62 1209 518 1267 animadvertunt,
587 1207 966 1273 aliquantisper
1013 1203 1306 1264 subsistant,
1385 1216 1438 1254 et

64 1312 334 1383 quidquid
363 1310 456 1363 seu
493 1309 830 1377 confragosae
854 1327 911 1359 ac
935 1310 1107 1360 deviis
1141 1326 1441 1359 commean-

35 1402 38 1404 Ὗ
61 1418 198 1467 tium
218 1416 489 1467 erroribus
510 1415 787 1481 abruptae,
826 1413 920 1464 seu
943 1412 1166 1463 occursu
1190 1411 1440 1464 filvarum

63 1530 373 1584 coarctatae,
419 1536 566 1570 nunc
603 1518 882 1569 latioribus
928 1519 1124 1585 campis
1163 1520 1438 1586 explicitae

62 1625 210 1683 viae,
253 1623 405 1692 quod
435 1641 463 1673 a
497 1634 646 1690 tergo
678 1625 926 1673 relictum
950 1622 1051 1681 est,
1103 1639 1230 1672 cum
1255 1624 1437 1673 animo

59 1726 159 1779 suo
188 1738 445 1805 exputent
467 1745 524 1778 ac
552 1729 710 1795 plane
737 1712 1116 1785 *remetiantun
1157 1725 1316 1794 seque
1341 1727 1437 1776 hac

59 1829 170 1896 ipsa
201 1830 605 1889 difficultatum,
636 1849 764 1897 quas
783 1806 1000 1880 eluctati
1026 1829 1251 1889 fuerint,
1289 1830 1438 1881 haud

60 1932 362 1984 iniucunda
395 1935 764 1984 retractatione
799 1934 866 1985 ad
894 1935 1172 1994 ulteriora,
1222 1933 1259 1985 fi
1301 1952 1438 2001 quae

59 2033 198 2085 forte
232 2046 378 2096 ante,
417 2053 576 2104 quam
617 2050 850 2107 optatam
890 2049 1084 2088 metam
1112 2040 1435 2106 contingant,

62 2138 448 2208 impedimenta
477 2139 740 2192 emersura
772 2141 902 2202 sint,
960 2141 1318 2211 exsuperanda
1355 2162 1437 2195 ac·

59 2223 298 2311 cingant,
338 2303 344 2307 ,
375 2242 731 2310 suscitatoque
773 2247 845 2296 ita
885 2245 1077 2315 spiritu
1121 2264 1178 2296 ac
1222 2250 1436 2300 Bonum

58 2349 329 2398 Eventum
347 2349 449 2398 rite
471 2349 620 2416 prius
640 2353 900 2417 apprecati
920 2352 1166 2402 audacter
1188 2364 1407 2419 pergant
1419 2372 1431 2410 3

58 2450 250 2501 eodem
275 2450 386 2502 fere
409 2464 619 2519 egomet
642 2452 777 2521 ipse,
817 2448 1010 2523 quidni
1033 2457 1177 2505 enim
1199 2457 1433 2523 ingenue

57 2552 242 2616 fatear,
274 2554 567 2625 ,profligata
614 2559 1054 2627 qualitercunque
1097 2558 1228 2610 vasti
1273 2572 1432 2626 atque

762 2664 792 2698 ’Ψ
1328 2666 1427 2715 im·
