1578 3126
387 201 1094 250 PRAEFATIO'
1324 210 1405 243 vn

31 331 529 399 'interpretationem
551 303 782 387 delatus,
827 325 1083 377 sermonis,
1102 325 1302 393 poetici
1319 327 1412 375 na&

43 447 219 488 turam
250 446 409 500 atque
440 433 704 492 indolem,
765 432 1091 490 doctrinam,
1149 441 1414 490 ornatum,

47 539 509 608 pulchritudinem
544 542 668 587 cum
701 535 873 586 caussis
907 535 1216 594 declarabit,
1266 552 1418 584 eum-

50 663 156 712 que
183 645 250 693 ad
274 645 548 709 vulgarem
567 639 828 708 loquendi
847 657 1091 690 normam
1113 636 1416 689 revocando

51 749 304 800 orationis
339 743 679 810 amplificatae
713 755 871 808 atque
903 754 1180 791 exornatae
1219 740 1418 791 semina

53 862 206 916 atque
239 846 472 914 origines
506 846 788 912 indagabit.
869 849 991 915 Quo
1025 846 1084 893 in
1125 862 1316 911 genere
1355 857 1421 894 ut

47 963 255 1003 rectum
265 950 343 1006 ,de
366 960 552 1016 poetae
575 949 774 999 virtute
797 947 927 999 ferri
958 947 1107 1014 poffit
1135 949 1418 1008 iudicium,

47 1055 234 1105 sedulo
265 1053 529 1118 inquiret,
579 1050 712 1117 quid
753 1050 914 1117 ipfius
948 1050 1246 1101 fecundum
1275 1063 1424 1102 extu-

5 1151 11 1162 *
51 1158 194 1208 derit
210 1157 515 1223 ingenium,
554 1154 756 1219 quidve
780 1155 844 1204 ab
878 1155 992 1204 aliis
1016 1131 1300 1221 acceperit,
1341 1174 1426 1205 ac-

54 1272 374 1329 ceptumque
421 1259 620 1326 quibus
668 1260 990 1308 ornamentis
1042 1259 1422 1310 nobilitaverit.

43 1336 386 1432 ⁸Adponenda
405 1362 555 1422 adeo,
596 1362 634 1411 fi
654 1361 934 1429 supersint,
969 1380 1279 1429 graecorum
1297 1382 1428 1430 poe-

51 1480 254 1529 tarum,
306 1485 543 1534 quorum
564 1464 722 1517 flores
745 1470 860 1532 apis
890 1463 1131 1517 Matinae
1158 1486 1298 1518 more
1324 1488 1430 1520 mo-

57 1574 226 1641 doque
257 1570 460 1639 legisse,
507 1582 559 1621 et
589 1571 655 1621 ad
689 1589 825 1638 quos
863 1577 1041 1622 totum
1069 1570 1174 1621 sese
1210 1591 1429 1642 compo-

60 1675 214 1752 suiss'e
245 1675 472 1735 constat,
521 1692 581 1724 ea
607 1676 754 1735 loca,
821 1694 1058 1742 quorum
1096 1679 1186 1728 vel
1222 1676 1433 1728 sensum

61 1779 386 1848 exprefferit,
437 1780 527 1831 vel
556 1779 703 1829 unde
732 1782 906 1848 prima
935 1783 1209 1836 comtioris
1243 1782 1434 1834 dictio-

62 1887 147 1935 nis
174 1883 392 1934 stamina
415 1883 721 1943 deduxerit,
758 1870 1432 1952 omninoque-iuncturam,

62 1988 378 2046 flexionem,
424 1989 829 2038 collocationem
869 1990 1161 2039 verborum
1198 2009 1435 2058 graecam

69 2092 354 2159 diligenter
393 2091 611 2141 notabit.
703 2093 899 2158 Neque
932 2111 1062 2144 vero
1107 2096 1167 2144 in
1193 2096 1277 2146 his
1312 2096 1436 2147 sub·-

67 2195 230 2255 Iistet,
259 2194 351 2244 sed
372 2206 423 2244 et
445 2213 560 2255 eos,
593 2212 942 2264 quoscunque
959 2200 1173 2249 Latium
1193 2199 1290 2266 ipfi
1315 2201 1438 2251 sub-

69 2300 318 2368 peditarit
353 2301 587 2360 loculos,
642 2303 898 2362 excutiet,
969 2314 1022 2352 et
1050 2304 1185 2369 quid
1214 2306 1341 2354 inde
1378 2308 1438 2356 in

69 2403 192 2454 suos
237 2402 363 2470 usus
407 2405 776 2472 depromserit,
842 2406 1290 2475 depromtumque
1335 2429 1441 2476 qua

20 2534 43 2571 ,
72 2520 190 2575 arte=
207 2510 521 2580 excoluerit,
567 2510 834 2579 suumque
861 2511 1076 2579 prorsus
1106 2512 1316 2575 fecerit,
1358 2517 1444 2564 in-

20 2605 31 2662 Ϊῑ
73 2593 385 2681 vestigabit,
408 2633 466 2665 ac
496 2614 749 2685 dispiciet.
828 2619 1022 2684 Neque
1046 2619 1166 2670 leve
1184 2621 1444 2688 interpre-

1292 2727 1448 2777 tatio-

0 2975 57 3126 ιι
