1578 3126
204 240 298 270 XIV
558 227 1185 274 PRAEFATIO.

203 347 461 397 dulciores
489 344 699 396 affectus
731 346 922 397 fidibus
953 339 1297 407 committere,
1335 359 1423 398 aut
1458 351 1533 398 Si-

203 449 448 497 monidea
484 443 784 512 aequalitate
825 465 879 496 ac
922 446 1170 498 sermonis
1208 451 1408 515 proprii
1452 451 1534 497 iu-

204 548 466 596 cunditate
503 549 751 612 quadam,
803 549 933 598 lenis
968 567 1023 597 ac
1063 551 1184 614 puri
1207 533 1372 599 fontie
1411 543 1534 606 ritu,

204 647 475 696 decurrere
507 649 904 707 animadvertas,
942 650 1166 698 eundem
1197 667 1357 698 nuncv
1369 650 1536 699 sancta

203 762 259 794 ac
288 750 431 811 gravi
460 751 692 798 oratione
723 753 959 800 Deorum
995 761 1143 815 atque
1173 751 1397 799 heroum
1427 751 1535 798 lau-

205 847 294 896 des
321 849 582 914 persequi,
653 849 914 901 sententiis
943 851 1160 900 densum
1197 860 1248 899 et
1274 851 1535 916 grandem,

206 947 298 996 fibi
338 950 536 1016 semper
582 951 876 1010 instantem,
939 953 1297 1016 concitatoque
1336 950 1536 1016 spiritu,

205 1054 448 1100 torrentis
481 1052 658 1111 instar,
697 1050 900 1101 effundi
930 1070 985 1099 ac
1016 1052 1319 1100 debacchari
1345 1052 1535 1108 videas,

205 1151 334 1200 adeo
370 1154 611 1217 quidem,
661 1165 721 1203 ut
749 1155 920 1202 Alcaei
954 1153 1231 1210 bellicum,
1287 1128 1536 1201 Stesicho-

203 1268 341 1300 ream
380 1257 704 1318 gravitatem,
773 1254 1087 1316 Pindarique
1129 1257 1446 1318 μεγαληγορῶν
1480 1270 1535 1301 ac

206 1352 636 1418 dithyrambicam
675 1356 940 1404 audaciam
979 1355 1303 1418 congenitam
1345 1354 1395 1401 ei
1431 1355 1536 1401 exi-
1574 1369 1578 1374 ’

205 1450 388 1502 stimes.
472 1458 659 1519 Neque
686 1458 863 1506 minor
891 1458 1002 1504 eius
1029 1457 1197 1503 virtus
1227 1454 1284 1502 in
1326 1436 1431 1509 illo*
1451 1471 1536 1519 ge-

202 1570 327 1602 nere
357 1555 746 1620 exsplendescit‚
796 1559 852 1606 in
884 1574 990 1621 quo
1024 1572 1271 1605 numeros
1315 1556 1537 1604 animos-

205 1672 305 1720 que
347 1658 644 1708 Archilochi
686 1658 934 1723 sequutus
973 1658 1264 1706 liberrimae
1300 1651 1537 1719 indigna-

203 1758 360 1806 tionis
412 1758 615 1807 sensum
655 1761 911 1826 prodidit,
975 1760 1292 1823 vipereoque
1331 1772 1536 1841 veneno

203 1858 391 1908 infecta
410 1862 509 1908 tela
535 1860 653 1926 ipsis
671 1862 975 1918 hominum,
1024 1877 1051 1906 a
1078 1858 1270 1923 quibus
1303 1858 1386 1905 vel
1419 1858 1535 1906 irri-

205 1970 338 2009 tatus
364 1960 504 2019 effet,
542 1964 627 2010 vel
658 1980 789 2027 quos
819 1963 959 2010 ultro
987 1957 1299 2008 adversarios
1331 1951 1423 2008 'fibi
1449 1958 1538 2007 de-

205 2061 457 2129 posceret,
500 2064 695 2128 iugulis
715 2063 952 2111 intendit.

317 2163 577 2229 Exposita,
638 2175 892 2227 quantum
939 2162 1051 2210 fieri
1093 2162 1292 2226 potuit,
1355 2171 1535 2224 poetae

206 2265 440 2316 doctrina
473 2267 693 2313 alterum
724 2265 825 2314 hoc
862 2266 996 2312 mihi
1028 2263 1206 2311 datum
1242 2258 1415 2308 censui
1448 2276 1553 2319 ne-x

206 2369 435 2441 gotium,
477 2376 536 2414 ut
557 2365 831 2414 artificium
849 2367 961 2413 eius
983 2365 1039 2412 in
1061 2361 1320 2411 tractando
1342 2360 1537 2409 illumi-

205 2469 486 2533 nandoque
518 2478 820 2532 argumento
860 2465 954 2515 suo
988 2461 1270 2519 ostensum,
1333 2472 1537 2511 contex-

208 2578 426 2636 tumque
450 2571 700 2635 cuiusque
722 2570 974 2625 carminis,
1014 2565 1303 2614 Arachnaea
1317 2561 1536 2612 subinde

1421 2661 1539 2711 sub-
