1578 3126
0 2967 37 3126 πορν-ξτε-
1 2925 33 2942 Α·

408 205 851 241 CODICIRVS
906 200 1059 241 1158.
1322 206 1449 240 XXXI

79 342 126 372 ιι.
149 329 261 379 520'.
297 325 360 367 H.
385 325 575 367 Odarum
590 325 710 366 Libri
725 324 817 366 IV.
834 331 929 365 ciem
953 325 1443 379 Schola-marginalibus.

304 394 415 436 Cod.
432 395 613 435 membr.
635 393 735 435 saec.
756 393 846 434 XV.
868 400 915 446 lq..
959 394 1079 435 Olim
1096 394 1327 450 Bongarfii.

70 447 262 517 ,ιι-549.
297 462 360 503 Η.
397 461 590 503 odarum
619 461 741 502 Libri
768 462 859 502 IV.
887 462 1094 514 Epodon,
1147 465 1230 503 Ars
1263 465 1445 516 poetica,

301 531 542 571 Satirarum
560 528 684 570 Libri
702 531 771 570 II.
784 530 900 581 Epp.
920 529 1043 570 Libri
1053 531 1120 571 II.
1138 529 1248 572 Cod.
1261 531 1442 573 membr.

300 597 402 640 saec.
432 598 484 639 X.
510 605 557 650 4.
574 599 698 638 initio
719 599 830 637 Artis
850 607 967 650 poet.
996 599 1194 644 mutilus,
1223 608 1266 638 et
1285 600 1370 640 Sat.
1398 610 1442 640 9..

259 654 261 656 V
298 667 326 706 1.
348 668 382 707 I.
417 668 464 706 in
488 667 590 706 duas
616 666 774 705 dividit
794 679 818 705 a
843 664 966 705 versu
985 665 1151 719 regibus
1177 667 1247 706 hic
1273 682 1362 707 mos
1387 666 1446 730 ‘st

299 742 402 775 caet.

74 817 122 843 ιι.
137 802 167 844 6
178 813 250 854 19.
285 800 349 842 Η.
363 801 584 841 Satiraeet
600 798 823 861 Epssolae
842 812 935 839 cum
953 796 1105 859 Gloffis
1122 802 1443 853 marginalibus.

297 867 410 909 eod.
433 864 615 908 riiembr.
637 866 739 907 saec.
759 867 831 907 XI.
856 874 901 918 8.
936 868 1092 921 Incipit
1111 882 1133 907 a
1153 868 1202 909 L.
1222 869 1256 909 1.
1277 871 1361 910 Sat.
1395 883 1442 924 9.

297 937 414 977 Tum
429 937 514 977 Sat.
545 949 618 976 10.
639 936 844 989 praefixos
865 935 994 975 habet
1014 949 1087 976 vv.
1110 936 1253 976 Lucili
1272 947 1375 978 caet.

75 1019 121 1046 n.
143 1005 255 1046 622.
294 1004 464 1044 Scholia
500 1005 544 1042 in
577 1003 640 1044 H.
683 1006 828 1045 Artem
868 1005 1099 1055 poeticam,
1161 1013 1203 1044 ec
1233 1005 1352 1058 Epp.
1390 1021 1444 1046 ex

295 1075 458 1114 Acrone
473 1065 728 1132 conscripta.
798 1072 911 1112 Cod.
931 1072 1112 1112 membr.
1133 1070 1234 1112 saec.
1254 1074 1374 1114 XIII.
1397 1083 1443 1125 8.

77 1141 256 1194 1=.-648.
291 1141 459 1181 Scholia
477 1141 519 1180 in
546 1139 729 1180 Horatii
752 1139 893 1186 odas,-
936 1145 1080 1180 Arcem
1115 1150 1242 1192 poet„
1271 1142 1444 1182 Sacis-as

293 1217 336 1249 et
355 1209 473 1261 Epp.
517 1208 628 1249 Cod.
658 1208 894 1248 membran.
926 1207 1028 1250 saec.
1060 1209 1181 1249 XIII.
1211 1217 1256 1261 8.
1328 1210 1446 1251 Olim

291 1276 523 1332 Bongarfii.
1482 1324 1490 1334 .

349 1345 517 1397 (Sinner
530 1344 662 1385 Catal.
675 1344 816 1386 codd.
837 1344 959 1402 MSS.
979 1344 1322 1386 bibl.BernenIis
1336 1347 1389 1387 T.
1403 1347 1438 1388 Ι.

290 1414 394 1453 inde
413 1426 436 1453 a
453 1427 547 1468 pag.
569 1416 684 1465 477.
722 1413 845 1453 Idem
862 1413 916 1452 T.
951 1414 1029 1453 111.
1063 1428 1104 1466 p.
1141 1422 1251 1464 282.
1276 1415 1441 1455 ibidem

289 1480 480 1521 affervari
499 1482 556 1521 ait
568 1481 712 1522 IIadr.
725 1482 847 1521 Iunii
865 1482 912 1520 in
925 1479 1116 1527 Odasum
1130 1483 1299 1522 Horatii
1310 1482 1442 1524 libros

291 1549 350 1590 11.
371 1551 532 1604 priores
562 1549 956 1595 Commentarium,
1007 1551 1127 1590 cuius
1154 1551 1285 1591 etiam
1312 1549 1444 1606 speci-

292 1628 395 1658 men
414 1631 515 1664 cum
536 1616 795 1672 praefatione
815 1618 906 1658 eius
935 1616 1162 1674 adposuit.)

369 1731 423 1771 In
449 1731 610 1778 Italia,
644 1740 688 1772 et
717 1728 897 1785 quidem'

91 1867 95 1869 λ
141 1812 352 1879 Caesenae
371 1820 418 1863 in
443 1819 549 1860 bibl.
573 1820 766 1860 Fratrum
793 1820 1017 1860 minorum

109 1936 111 1939 -
167 1905 319 1947 Codex
346 1907 513 1948 Horatii
542 1907 641 1949 saec.
668 1908 767 1949 XII.
797 1922 896 1948 curn
916 1909 1120 1955 Scholiis‚
1154 1923 1260 1963 quae
1290 1919 1434 1952 tamen

71 1973 172 2015 saec.
194 1973 284 2015 XV.
304 1975 481 2016 demum
498 1986 660 2017 exarata
678 1978 894 2023 videntur,
915 1979 1055 2027 judice
1073 1978 1275 2019 Mucciol.
1305 1979 1437 2020 Catal.

69 2040 172 2083 bibl.
202 2042 405 2084 Malatest.
436 2044 489 2084 T.
523 2046 580 2086 11.
615 2059 658 2098 p.
696 2046 802 2095 163.
835 2046 975 2098 quiet
996 2046 1176 2088 Acronis
1198 2047 1438 2101 pleniorem

69 2112 427 2152 commentarium
447 2112 510 2152 ibi
539 2113 728 2154 affervari
751 2113 890 2154 tradit.

626 2240 868 2281 Florentiae

133 2323 170 2368 Ῑ.
206 2327 260 2369 In
281 2326 395 2369 Bibl.
418 2327 698 2370 Laurentiana
719 2329 912 2375 Medicea
931 2331 1047 2373 Plut.
1075 2331 1268 2372 XXXIV.

69 2430 112 2462 n.
141 2430 178 2457 1.
203 2415 354 2458 Codex
382 2419 618 2458 membran.
642 2417 743 2459 saec.
767 2420 864 2460 XII.
894 2427 941 2472 4.
966 2419 1286 2462 correctiffimae
1309 2430 1433 2475 atque

203 2476 527 2540 castigatissimae
556 2487 774 2532 lectionis.
818 2488 973 2544 dignus
1005 2490 1131 2534 adeo,
1184 2491 1257 2542 qui
1277 2503 1438 2529 accura-

202 2551 356 2594 tissime
383 2556 640 2608 exploretur.
713 2555 871 2596 Glolsas
902 2558 1190 2598 interlineares
1229 2557 1358 2597 habet
1394 2566 1438 2598 et

203 2621 371 2662 Scholia
391 2622 434 2661 in
456 2625 647 2678 margine
670 2623 902 2670 uberrima,
939 2625 989 2663 ab
1012 2626 1160 2677 eadem
1187 2639 1318 2665 manu
1348 2639 1439 2666 exa—

199 2698 300 2730 rata.
368 2691 634 2731 l’raecesiunt
669 2693 786 2731 Vitae
819 2693 986 2734 Horatii
1020 2694 1100 2734 111.
1133 2707 1311 2746 quarum
1333 2695 1440 2734 (luae

1335 2763 1446 2815 prio-
