1578 3126
199 220 289 253 XlV
617 218 700 252 DE
756 218 1111 256 noltATIt

287 338 455 388 primus,
467 335 816 382 membranaceus,
834 337 879 376 in
897 343 943 388 4.
954 350 1042 377 non
1055 338 1158 378 adeo
1170 339 1375 392 antiquus,
1392 338 1455 380 M.
1473 340 1527 380 Da

202 403 385 454 Omeifii,
418 405 533 442 cuius
553 404 653 441 olim
674 401 765 447 fuit,
788 403 958 448 iudicio,
979 404 1023 442 in
1035 403 1172 444 fronte
1192 405 1287 444 libri
1312 400 1528 458 adscripto.

198 469 268 508 Est
288 471 322 508 is
342 471 568 507 minutiore
589 469 815 507 litterarum
837 469 1083 514 charactere,
1116 469 1189 509 sed·
1211 471 1471 526 negligenter
1490 480 1532 510 et

198 533 347 573 vitiose
367 536 595 573 admodum
613 547 634 573 a
657 532 781 574 scriba
801 535 1101 575 valdeindocto
1118 545 1316 577 exaratus.
1335 538 1532 577 Attamen

197 613 220 638 e
240 600 353 637 bono·
373 610 414 638 et
431 613 542 638 nunc
563 601 710 653 ignoto
730 602 901 653 antiquo
927 603 1070 641 codice
1088 601 1310 654 exscriptus
1340 603 1530 650 videtum

194 665 320 704 habet
347 668 460 703 enim
489 667 687 705 lectiones
715 668 863 706 multas
891 669 1072 722 egregias
1101 677 1144 707 et
1163 669 1394 723 elegantes,
1423 682 1545 721 quae.

194 732 270 770 vel·
293 743 382 770 raro
410 733 478 771 vel
508 745 711 783 nusquam
739 733 833 772 alias
860 735 1135 785 reperiantur,
1169 747 1247 773 nec
1266 733 1454 786 profecto
1476 747 1530 773 ex

193 797 367 850 ingenio
389 797 535 849 stupidi
554 797 757 837 fraterculi
778 800 982 838 venerint.
1007 799 1211 839 Continet
1230 801 1360 840 codex
1381 801 1526 840 omnia

194 863 385 914 Horatii,
431 861 496 903 sed
528 877 622 902 cum
645 877 793 917 magna
815 865 978 910 lacuna,
1023 879 1047 904 a
1073 866 1204 905 Serm.
1239 867 1270 905 1.
1300 873 1342 916 5.
1373 874 1432 916 57
1461 887 1526 898 ·-—

194 929 251 968 11.
279 943 317 968 1.
339 940 415 979 49.
485 930 560 969 Ars
582 931 739 982 poetica
762 930 939 982 sequitur
971 931 1099 970 statim
1121 944 1284 970 carmen
1315 930 1529 973 saeculare.

194 995 376 1034 Initiales
406 997 634 1034 carminum
663 996 798 1035 multo
826 998 913 1035 auri
940 997 1107 1050 levigati
1131 998 1268 1036 nitore
1297 995 1527 1050 splendent.

194 1061 446 1099 Lectionum
466 1063 553 1100 eius
579 1061 782 1113 specimen
806 1063 923 1100 dedit
949 1063 1025 1102 (ἐὴ.
1055 1062 1232 1114 Theoph.
1262 1061 1313 1100 de
1329 1063 1457 1102 Murr
1479 1065 1528 1104 in.

196 1126 462 1168 Memorabil.
485 1128 686 1167 Biblioth.
715 1127 980 1182 Norimberg.
1002 1128 1050 1168 P.
1075 1129 1152 1168 111.
1172 1142 1214 1181 p.
1239 1137 1298 1176 77
1318 1126 1402 1182 sqq.

299 1226 442 1266 Codex
450 1221 678 1283 secundus,
715 1227 970 1271 chartaceus,
1000 1227 1043 1265 in
1062 1227 1306 1272 vehimine,
1351 1228 1462 1279 quod
1484 1237 1528 1269 et

194 1291 409 1332 Ciceronis
429 1294 479 1330 de
500 1291 645 1332 officiis
667 1294 814 1345 libros,
855 1295 958 1332 item
977 1293 1195 1332 Claudiani
1214 1293 1266 1332 de
1287 1301 1404 1346 raptu
1426 1294 1526 1337 Pro,-

195 1357 378 1410 serpinae
408 1372 594 1403 carmen,
627 1372 790 1398 carmen
819 1362 868 1398 de
906 1360 1037 1398 littera
1058 1359 1091 1398 Y
1122 1360 1252 1411 (quod
1277 1360 1524 1414 a'liasVirgi·

192 1425 250 1462 lio
282 1425 403 1462 tribui
437 1424 569 1478 solet),
614 1426 773 1478 Virgilii
797 1415 1029 1469 moretum,
1063 1434 1104 1464 et
1130 1438 1286 1478 partem
1317 1425 1528 1466 batracho·

192 1490 477 1540 myomachiae
501 1492 687 1533 Homeri,
716 1493 846 1531 CLlV
867 1493 1002 1530 latinis
1023 1493 1273 1531 hexametris
1291 1487 1526 1545 exprefl‘am,

193 1557 395 1596 continet.
459 1558 562 1596 Satis
583 1559 787 1610 eleganter
810 1557 979 1610 scriptus
998 1557 1053 1597 est
1070 1558 1234 1596 Horatii
1255 1559 1400 1604 codex,
1419 1560 1526 1598 mul·
1550 1559 1552 1561 ’

191 1623 325 1674 tisque
345 1624 751 1675 interpunctionibus
772 1625 995 1663 distinctus,
1066 1624 1217 1677 Magna
1235 1625 1278 1661 in
1298 1625 1371 1664 illo
1398 1626 1525 1664 etiam

191 1689 344 1735 librarii
366 1690 595 1742 ignorantia
615 1692 816 1741 proditur,
848 1689 892 1728 in
915 1691 1079 1729 Graecis
1097 1688 1349 1742 praesertim.
1385 1692 1525 1730 Veluti

189 1756 266 1794 arti
299 1756 486 1808 poeticae
513 1755 757 1809 subscripsit:
802 1755 938 1803 Τελος
968 1753 1117 1810 φήνῃς.
1182 1757 1245 1796 To
1275 1757 1351 1798 9εο
1380 1771 1522 1813 χαρις.

189 1821 267 1862 Ars
305 1823 465 1874 poetica
503 1823 610 1861 inter
651 1823 870 1861 Sermones
910 1831 952 1861 et
993 1821 1193 1874 Epistolas
1229 1822 1427 1871 collocata
1454 1824 1523 1865 est.

191 1887 396 1941 Quamvis
414 1890 620 1926 recentior
639 1888 705 1926 hic
723 1902 886 1941 quoque
907 1889 1038 1927 codex
1061 1888 1173 1926 haud
1192 1888 1317 1928 dubie
1335 1889 1395 1935 fit,
1414 1887 1523 1930 forte

189 1966 213 1992 e
246 1955 416 1994 Saeculo
445 1956 539 1992 XIV
563 1964 759 2000 exeunte,
803 1964 942 1994 tamen
971 1955 1084 1993 idem
1125 1953 1180 1992 ob
1208 1954 1407 1996 lectiones
1435 1946 1523 1996 non

189 2019 324 2059 solum
354 2020 482 2059 bonas
512 2021 771 2073 plerumque,
816 2020 883 2060 sed
911 2029 952 2059 et
991 2021 1175 2072 proprias
1202 2021 1276 2073 ipfi
1313 2022 1522 2074 quasdam.

191 2099 339 2139 easque
358 2087 564 2140 elegantes
584 2097 623 2125 et
645 2087 955 2132 memorabiles,
998 2100 1022 2125 e
1045 2086 1156 2125 bono
1175 2095 1219 2132 et
1235 2087 1395 2127 vetusto
1414 2089 1519 2129 libro

188 2152 414 2205 descriptus
434 2162 474 2191 et
495 2154 738 2193 emendatus
766 2155 946 2193 videtur.
999 2152 1108 2191 Nam
1128 2148 1440 2193 emendatorem
1459 2169 1522 2194 ce·

185 2226 323 2258 terum
345 2220 563 2258 indoctum
586 2220 807 2259 hominem
824 2219 937 2259 fuiss'e
967 2227 1144 2270 apparet.
1215 2217 1251 2259 V
1255 2219 1313 2258 id.
1339 2234 1381 2259 v.
1406 2235 1440 2260 c.
1469 2222 1521 2260 ad

186 2285 223 2324 1.
263 2294 334 2335 15.
370 2294 452 2336 55:
485 2297 560 2326 21.
599 2288 747 2338 15.11.
775 2297 847 2327 12.
876 2294 919 2337 8.
947 2294 989 2325 et
1010 2295 1086 2325 αι.
1144 2282 1211 2325 Cf.
1232 2284 1282 2324 de
1301 2287 1518 2327 Murrlib.

182 2351 292 2391 laud.
313 2365 354 2405 p.
383 2360 469 2402 108
495 2351 549 2405 sq.
1216 2366 1219 2367 ⁷

284 2451 430 2491 Codex
459 2453 821 2506 Fraraequwanus,
866 2454 910 2492 in
938 2451 1193 2493 bibliotheca
1217 2453 1446 2494 academica
1464 2453 1520 2494 as·

182 2516 386 2562 servatus,
424 2520 681 2558 venerandae
711 2521 988 2572 antiquitatis,
1046 2521 1162 2559 cuius
1202 2529 1245 2559 et
1277 2519 1517 2559 Bentleium

179 2584 380 2624 lec-tiones
400 2584 581 2624 habuille
606 2587 809 2631 vidimus,
841 2586 907 2624 sed
928 2585 1179 2639 paucissimas
1199 2595 1240 2625 et
1259 2587 1518 2642 negligenter

179 2660 401 2705 excerptas.
470 2652 584 2691 Tum
606 2665 771 2706 quoque
800 2653 944 2692 Lamb.
978 2653 1063 2693 Bos
1090 2654 1134 2692 in
1159 2653 1442 2694 animadverff.
1464 2653 1517 2692 ad

1427 2721 1514 2760 Ho-
