1578 3126
128 246 258 277 v2111
532 223 1158 271 PRAEFATIO.

188 369 344 410 num,
403 331 505 415 qua
535 347 825 414 argumenti
860 346 1095 397 indolem
1123 343 1518 396 enuntiationi&-

188 470 291 520 que
315 453 427 500 vim
461 452 612 514 plane
651 463 904 512 graecam,
958 448 1088 495 ratio
1125 446 1264 496 istud
1298 442 1518 494 {abunde

190 551 502 615 comprobat.
579 553 697 615 Quo
723 549 778 594 in
813 563 998 611 genere
1029 546 1321 614 admodum.
1338 543 1523 610 proba-

189 652 296 701 bile
328 648 399 696 est
425 658 631 712 poetam
658 649 728 694 ita
759 646 1015 694 versatum
1048 644 1167 703 effe,
1207 620 1525 713 ‘untqumrt

195 751 377 800 affidua
412 758 685 813 poetarum
715 763 1040 811 graecorum,
1085 747 1304 795 maxime
1333 744 1528 810 lyrico-

193 868 344 908 rum,
391 850 613 896 lectione
641 847 999 911 benepenitus
1032 845 1133 893 sese
1165 848 1223 894 in
1245 830 1528 917 eorum-sfa-

193 934 556 1002 miliaritatem⁷
600 946 892 1004 dedidisset,
964 963 1371 1011 graecorumque
1413 962 1530 994 ver-

197 1053 351 1101 suum
396 1049 765 1097 tentaminibus
811 1048 1084 1111 ingenium
1132 1047 1196 1095 ad
1243 1063 1330 1095 eos
1380 1048 1533 1110 plane

198 1147 578 1206 conformaffet,
642 1149 903 1212 primum,
963 1165 1071 1211 quo
1120 1146 1285 1196 sermo
1327 1147 1534 1203 latinus,

198 1251 448 1301 horridus
526 1249 695 1297 adhuc
754 1265 808 1296 ac
876 1246 1185 1312 praefractae
1251 1247 1537 1312 asperitatis

204 1353 527 1401 emolliretur
547 1349 928 1411 rotundiorque
950 1347 1181 1396 existeret
1195 1385 1208 1406 ‚
1247 1349 1310 1396 iis
1332 1347 1396 1395 ad
1420 1364 1537 1396 ver-

202 1455 332 1502 bum
362 1449 624 1498 vertendis
658 1448 945 1506 insudaret,
1001 1461 1115 1499 tum
1146 1450 1389 1497 liberiore
1419 1448 1537 1496 imi-

204 1554 397 1602 tatione
421 1549 662 1616 spiritum
683 1552 861 1597 Graiae
882 1552 1132 1599 Camenae
1156 1551 1423 1614 excipere,
1457 1548 1538 1596 in-

207 1663 463 1715 ventaque
505 1647 616 1698 eius
669 1649 758 1698 sua
798 1649 962 1697 facere
1005 1661 1298 1707 conaretur,
1374 1649 1540 1698 donec

192 1753 415 1807 ,tandem
437 1751 618 1800 affidua
638 1751 732 1798 hac
754 1751 1101 1799 contentionis
1123 1749 1385 1814 asperitate
1404 1749 1541 1798 vires
1570 1796 1573 1798 .

208 1852 455 1920 perfectas
495 1850 895 1915 constitutaeque
939 1851 1304 1915 nactus'operi
1339 1848 1434 1899 suo
1471 1850 1542 1896 ita

211 1953 484 2010 sufficeret,
531 1963 614 2008 ut,
655 1969 822 2016 quum
853 1951 918 2000 ad
951 1961 1340 2017 argumentum,
1387 1959 1448 1998 ut
1476 1951 1544 1997 ita

212 2054 409 2109 dicam,
465 2055 764 2101 Romanum
819 2052 1131 2109 deferretur,
1182 2068 1292 2101 non
1354 2060 1459 2098 tam
1517 2067 1545 2097 a

215 2154 418 2202 Graecis
441 2154 618 2201 lumen
640 2153 792 2202 suum
812 2151 1111 2210 accendiffe,
1149 2162 1236 2201 aut
1262 2151 1323 2198 ab
1347 2151 1410 2198 iis
1435 2161 1544 2199 tan-

214 2266 329 2303 tum
363 2251 648 2310 defluxisse,
697 2271 852 2317 quam
880 2271 1058 2303 omnes
1095 2270 1157 2301 ex
1190 2250 1292 2299 sese
1326 2251 1544 2299 virtutes

217 2351 536 2419 expromfiffe
588 2354 868 2402 videretur.
944 2327 1113 2403 Hocce
1163 2363 1335 2401 autem
1383 2350 1544 2399 modo

170 2469 174 2473 ’
215 2465 396 2520 poetae
416 2453 733 2519 progressum
767 2453 862 2502 effe
886 2454 1136 2510 studium,
1182 2441 1548 2518 profectusque

216 2555 328 2604 eius
350 2554 647 2616 adolevisse,
684 2556 919 2605 dubitare
950 2557 1040 2603 vix
1070 2555 1214 2612 licet,
1246 2551 1283 2601 fi
1313 2549 1547 2618 ipsorum

1441 2667 1546 2699 Gar·
