<?xml version="1.0" encoding="UTF-8"?>
<!DOCTYPE html PUBLIC "-//W3C//DTD XHTML 1.0 Transitional//EN"
    "http://www.w3.org/TR/xhtml1/DTD/xhtml1-transitional.dtd">
<html xmlns="http://www.w3.org/1999/xhtml" xml:lang="en" lang="en">
 <head>
  <title>
</title>
<meta http-equiv="Content-Type" content="text/html;charset=utf-8" />
  <meta name='ocr-system' content='tesseract 3.04.00' />
  <meta name='ocr-capabilities' content='ocr_page ocr_carea ocr_par ocr_line ocrx_word'/>
</head>
<body>
  <div class='ocr_page' id='page_1' title='image "./operahor01horauoft_0052.png"; bbox 0 0 1578 3126; ppageno 0'>
   <div class='ocr_carea' id='block_1_1' title="bbox 217 214 1126 249">
    <p class='ocr_par' dir='ltr' id='par_1_1' title="bbox 217 214 1126 249">
     <span class='ocr_line' id='line_1_1' title="bbox 217 214 1126 249; baseline 0 0"><span class='ocrx_word' id='word_1_1' title='bbox 217 215 310 249; x_wconf 82' lang='lat' dir='ltr'><strong>xv1</strong></span> <span class='ocrx_word' id='word_1_2' title='bbox 636 215 722 247; x_wconf 73' lang='grc' dir='ltr'><strong>ΒΕ</strong></span> <span class='ocrx_word' id='word_1_3' title='bbox 774 214 1126 249; x_wconf 73' lang='grc' dir='ltr'><strong>ΗΟΒΔΤῙῙ</strong></span> 
     </span>
    </p>
   </div>
   <div class='ocr_carea' id='block_1_2' title="bbox 422 322 1277 367">
    <p class='ocr_par' dir='ltr' id='par_1_2' title="bbox 422 322 1277 367">
     <span class='ocr_line' id='line_1_2' title="bbox 422 322 1277 367; baseline 0.002 -2"><span class='ocrx_word' id='word_1_4' title='bbox 422 335 425 338; x_wconf 88' lang='grc'><strong>’</strong></span> <span class='ocrx_word' id='word_1_5' title='bbox 489 324 720 365; x_wconf 89' lang='lat' dir='ltr'><strong>CODD.</strong></span> <span class='ocrx_word' id='word_1_6' title='bbox 762 322 922 362; x_wconf 80' lang='lat' dir='ltr'><strong>CAR.</strong></span> <span class='ocrx_word' id='word_1_7' title='bbox 962 324 1277 367; x_wconf 87' lang='lat' dir='ltr'><strong>COMBII.</strong></span> 
     </span>
    </p>
   </div>
   <div class='ocr_carea' id='block_1_3' title="bbox 218 399 1551 596">
    <p class='ocr_par' dir='ltr' id='par_1_3' title="bbox 218 399 1551 596">
     <span class='ocr_line' id='line_1_3' title="bbox 315 399 1550 454; baseline 0.002 -8"><span class='ocrx_word' id='word_1_8' title='bbox 315 407 537 447; x_wconf 81' lang='lat' dir='ltr'><strong>Delectum</strong></span> <span class='ocrx_word' id='word_1_9' title='bbox 568 405 714 443; x_wconf 83' lang='lat' dir='ltr'><strong>habuit</strong></span> <span class='ocrx_word' id='word_1_10' title='bbox 744 404 949 445; x_wconf 82' lang='lat' dir='ltr'><strong>Combius</strong></span> <span class='ocrx_word' id='word_1_11' title='bbox 977 399 1112 446; x_wconf 82' lang='lat' dir='ltr'><strong>Cocld.</strong></span> <span class='ocrx_word' id='word_1_12' title='bbox 1139 409 1480 454; x_wconf 82' lang='lat' dir='ltr'><strong>Harleianorum‚</strong></span> <span class='ocrx_word' id='word_1_13' title='bbox 1505 411 1550 449; x_wconf 88' lang='lat' dir='ltr'><strong>in</strong></span> 
     </span>
     <span class='ocr_line' id='line_1_4' title="bbox 218 469 1551 529; baseline 0.002 -16"><span class='ocrx_word' id='word_1_14' title='bbox 218 473 367 513; x_wconf 84' lang='lat' dir='ltr'><strong>Museo</strong></span> <span class='ocrx_word' id='word_1_15' title='bbox 403 473 643 511; x_wconf 84' lang='lat' dir='ltr'><strong>Britannico</strong></span> <span class='ocrx_word' id='word_1_16' title='bbox 687 469 1018 516; x_wconf 64' lang='lat' dir='ltr'>adsentatorum,</span> <span class='ocrx_word' id='word_1_17' title='bbox 1075 480 1131 512; x_wconf 65' lang='lat' dir='ltr'><strong>eie</strong></span> <span class='ocrx_word' id='word_1_18' title='bbox 1165 476 1297 528; x_wconf 82' lang='lat' dir='ltr'><strong>iisque</strong></span> <span class='ocrx_word' id='word_1_19' title='bbox 1335 476 1551 529; x_wconf 76' lang='lat' dir='ltr'><strong>sequentes</strong></span> 
     </span>
     <span class='ocr_line' id='line_1_5' title="bbox 218 536 1423 596; baseline 0.004 -17"><span class='ocrx_word' id='word_1_20' title='bbox 218 540 405 579; x_wconf 87' lang='lat' dir='ltr'><strong>melioris</strong></span> <span class='ocrx_word' id='word_1_21' title='bbox 423 547 548 576; x_wconf 88' lang='lat' dir='ltr'><strong>notae</strong></span> <span class='ocrx_word' id='word_1_22' title='bbox 578 537 704 575; x_wconf 86' lang='lat' dir='ltr'><strong>libros</strong></span> <span class='ocrx_word' id='word_1_23' title='bbox 725 536 935 584; x_wconf 84' lang='lat' dir='ltr'>adhibuit,</span> <span class='ocrx_word' id='word_1_24' title='bbox 971 539 1029 578; x_wconf 90' lang='lat' dir='ltr'><strong>ita</strong></span> <span class='ocrx_word' id='word_1_25' title='bbox 1046 539 1095 578; x_wconf 90' lang='lat' dir='ltr'><strong>ab</strong></span> <span class='ocrx_word' id='word_1_26' title='bbox 1116 552 1168 581; x_wconf 84' lang='lat' dir='ltr'><strong>eo</strong></span> <span class='ocrx_word' id='word_1_27' title='bbox 1192 542 1423 596; x_wconf 74' lang='lat' dir='ltr'><strong>defignatos</strong></span> 
     </span>
    </p>
   </div>
   <div class='ocr_carea' id='block_1_4' title="bbox 354 622 1046 1062">
    <p class='ocr_par' dir='ltr' id='par_1_4' title="bbox 354 622 1046 1062">
     <span class='ocr_line' id='line_1_6' title="bbox 433 622 977 673; baseline 0.006 -11"><span class='ocrx_word' id='word_1_28' title='bbox 433 623 482 662; x_wconf 84' lang='lat' dir='ltr'><strong>A.</strong></span> <span class='ocrx_word' id='word_1_29' title='bbox 516 622 571 663; x_wconf 87' lang='lat' dir='ltr'><strong>N.</strong></span> <span class='ocrx_word' id='word_1_30' title='bbox 611 631 753 673; x_wconf 80' lang='lat'><strong>2725.</strong></span> <span class='ocrx_word' id='word_1_31' title='bbox 790 622 889 662; x_wconf 86' lang='lat' dir='ltr'><strong>saec.</strong></span> <span class='ocrx_word' id='word_1_32' title='bbox 926 625 977 665; x_wconf 87' lang='lat' dir='ltr'><strong>X.</strong></span> 
     </span>
     <span class='ocr_line' id='line_1_7' title="bbox 433 688 1016 741; baseline 0.003 -13"><span class='ocrx_word' id='word_1_33' title='bbox 433 688 486 728; x_wconf 90' lang='lat' dir='ltr'><strong>B.</strong></span> <span class='ocrx_word' id='word_1_34' title='bbox 515 712 581 719; x_wconf 91' lang='lat'><strong>—</strong></span> <span class='ocrx_word' id='word_1_35' title='bbox 615 698 756 741; x_wconf 76' lang='lat'><strong>5554.</strong></span> <span class='ocrx_word' id='word_1_36' title='bbox 811 710 875 719; x_wconf 88' lang='lat'><strong>--</strong></span> <span class='ocrx_word' id='word_1_37' title='bbox 918 691 1016 730; x_wconf 88' lang='lat' dir='ltr'><strong>XII.</strong></span> 
     </span>
     <span class='ocr_line' id='line_1_8' title="bbox 354 750 1045 809; baseline -0.001 -13"><span class='ocrx_word' id='word_1_38' title='bbox 354 750 358 752; x_wconf 73' lang='grc'><strong>’</strong></span> <span class='ocrx_word' id='word_1_39' title='bbox 435 756 486 796; x_wconf 89' lang='lat' dir='ltr'><strong>C.</strong></span> <span class='ocrx_word' id='word_1_40' title='bbox 521 778 586 788; x_wconf 89' lang='lat'><strong>--</strong></span> <span class='ocrx_word' id='word_1_41' title='bbox 618 763 760 809; x_wconf 81' lang='lat'><strong>2724.</strong></span> <span class='ocrx_word' id='word_1_42' title='bbox 807 774 872 782; x_wconf 89' lang='lat'><strong>—</strong></span> <span class='ocrx_word' id='word_1_43' title='bbox 926 757 1045 796; x_wconf 86' lang='lat' dir='ltr'><strong>XIII.</strong></span> 
     </span>
     <span class='ocr_line' id='line_1_9' title="bbox 431 823 1012 874; baseline 0.003 -12"><span class='ocrx_word' id='word_1_44' title='bbox 431 823 489 862; x_wconf 88' lang='lat' dir='ltr'><strong>D.</strong></span> <span class='ocrx_word' id='word_1_45' title='bbox 530 843 586 853; x_wconf 86' lang='lat'>-</span> <span class='ocrx_word' id='word_1_46' title='bbox 620 830 760 874; x_wconf 75' lang='lat'><strong>5754.</strong></span> <span class='ocrx_word' id='word_1_47' title='bbox 807 840 872 848; x_wconf 89' lang='lat'>—</span> <span class='ocrx_word' id='word_1_48' title='bbox 923 824 1012 864; x_wconf 88' lang='lat' dir='ltr'><strong>XV.</strong></span> 
     </span>
     <span class='ocr_line' id='line_1_10' title="bbox 432 889 1013 939; baseline 0.003 -11"><span class='ocrx_word' id='word_1_49' title='bbox 432 889 484 928; x_wconf 91' lang='lat' dir='ltr'><strong>E.</strong></span> <span class='ocrx_word' id='word_1_50' title='bbox 520 910 583 919; x_wconf 92' lang='lat'><strong>——</strong></span> <span class='ocrx_word' id='word_1_51' title='bbox 622 889 765 939; x_wconf 82' lang='lat'><strong>2609.</strong></span> <span class='ocrx_word' id='word_1_52' title='bbox 812 909 872 917; x_wconf 90' lang='lat'>—</span> <span class='ocrx_word' id='word_1_53' title='bbox 923 890 1013 931; x_wconf 89' lang='lat' dir='ltr'><strong>XV.</strong></span> 
     </span>
     <span class='ocr_line' id='line_1_11' title="bbox 435 955 1015 1005; baseline 0 -11"><span class='ocrx_word' id='word_1_54' title='bbox 435 955 482 994; x_wconf 84' lang='lat' dir='ltr'><strong>F.</strong></span> <span class='ocrx_word' id='word_1_55' title='bbox 511 975 587 986; x_wconf 80' lang='lat'><em>--—·-</em></span> <span class='ocrx_word' id='word_1_56' title='bbox 622 955 768 1005; x_wconf 75' lang='lat'><strong>4362.</strong></span> <span class='ocrx_word' id='word_1_57' title='bbox 817 974 879 985; x_wconf 92' lang='lat'><strong>—-</strong></span> <span class='ocrx_word' id='word_1_58' title='bbox 926 956 1015 995; x_wconf 91' lang='lat' dir='ltr'><strong>XV.</strong></span> 
     </span>
     <span class='ocr_line' id='line_1_12' title="bbox 438 1021 1046 1062; baseline 0 -1"><span class='ocrx_word' id='word_1_59' title='bbox 438 1021 488 1062; x_wconf 91' lang='lat' dir='ltr'><strong>G.</strong></span> <span class='ocrx_word' id='word_1_60' title='bbox 521 1043 585 1052; x_wconf 87' lang='lat'><strong>—-</strong></span> <span class='ocrx_word' id='word_1_61' title='bbox 621 1022 764 1061; x_wconf 61' lang='grc' dir='ltr'>εδει.</span> <span class='ocrx_word' id='word_1_62' title='bbox 812 1042 877 1052; x_wconf 90' lang='grc'>-</span> <span class='ocrx_word' id='word_1_63' title='bbox 927 1021 1046 1062; x_wconf 85' lang='lat' dir='ltr'><strong>XIII.</strong></span> 
     </span>
    </p>
   </div>
   <div class='ocr_carea' id='block_1_5' title="bbox 217 1093 1554 1230">
    <p class='ocr_par' dir='ltr' id='par_1_5' title="bbox 217 1093 1554 1230">
     <span class='ocr_line' id='line_1_13' title="bbox 217 1093 1554 1165; baseline 0.001 -17"><span class='ocrx_word' id='word_1_64' title='bbox 217 1106 464 1149; x_wconf 86' lang='lat' dir='ltr'><strong>Editionem</strong></span> <span class='ocrx_word' id='word_1_65' title='bbox 482 1106 646 1161; x_wconf 86' lang='lat' dir='ltr'>insuper</span> <span class='ocrx_word' id='word_1_66' title='bbox 664 1108 916 1161; x_wconf 88' lang='lat' dir='ltr'>principem,</span> <span class='ocrx_word' id='word_1_67' title='bbox 938 1108 992 1163; x_wconf 27' lang='lat' dir='ltr'><strong>&#39;in</strong></span> <span class='ocrx_word' id='word_1_68' title='bbox 1017 1096 1276 1149; x_wconf 76' lang='lat' dir='ltr'><strong>Bibliotheca</strong></span> <span class='ocrx_word' id='word_1_69' title='bbox 1294 1093 1425 1165; x_wconf 82' lang='lat' dir='ltr'><strong>Regia</strong></span> <span class='ocrx_word' id='word_1_70' title='bbox 1443 1108 1554 1151; x_wconf 81' lang='lat' dir='ltr'><strong>affer·</strong></span> 
     </span>
     <span class='ocr_line' id='line_1_14' title="bbox 219 1168 1482 1230; baseline 0.002 -15"><span class='ocrx_word' id='word_1_71' title='bbox 219 1184 380 1221; x_wconf 78' lang='lat' dir='ltr'><strong>vatam,</strong></span> <span class='ocrx_word' id='word_1_72' title='bbox 408 1176 604 1230; x_wconf 84' lang='lat' dir='ltr'><strong>perlegit,</strong></span> <span class='ocrx_word' id='word_1_73' title='bbox 637 1182 678 1213; x_wconf 88' lang='lat' dir='ltr'><strong>et</strong></span> <span class='ocrx_word' id='word_1_74' title='bbox 699 1176 900 1216; x_wconf 85' lang='lat' dir='ltr'><strong>lectiones</strong></span> <span class='ocrx_word' id='word_1_75' title='bbox 927 1176 1058 1215; x_wconf 82' lang='lat' dir='ltr'><strong>varias</strong></span> <span class='ocrx_word' id='word_1_76' title='bbox 1080 1175 1179 1215; x_wconf 78' lang='lat' dir='ltr'><strong>inde</strong></span> <span class='ocrx_word' id='word_1_77' title='bbox 1201 1176 1401 1218; x_wconf 64' lang='lat' dir='ltr'><strong>enotavit.</strong></span> <span class='ocrx_word' id='word_1_78' title='bbox 1474 1168 1482 1173; x_wconf 16' lang='grc' dir='ltr'><strong>ἦ</strong></span> 
     </span>
    </p>
   </div>
   <div class='ocr_carea' id='block_1_6' title="bbox 409 1290 1367 1332">
    <p class='ocr_par' dir='ltr' id='par_1_6' title="bbox 409 1290 1367 1332">
     <span class='ocr_line' id='line_1_15' title="bbox 409 1290 1367 1332; baseline 0.001 -1"><span class='ocrx_word' id='word_1_79' title='bbox 409 1291 611 1331; x_wconf 90' lang='lat' dir='ltr'><strong>CODD.</strong></span> <span class='ocrx_word' id='word_1_80' title='bbox 650 1290 772 1330; x_wconf 91' lang='lat' dir='ltr'><strong>IOS.</strong></span> <span class='ocrx_word' id='word_1_81' title='bbox 813 1290 945 1330; x_wconf 88' lang='lat' dir='ltr'><strong>NIC.</strong></span> <span class='ocrx_word' id='word_1_82' title='bbox 991 1291 1082 1329; x_wconf 91' lang='lat' dir='ltr'><strong>DE</strong></span> <span class='ocrx_word' id='word_1_83' title='bbox 1125 1291 1367 1332; x_wconf 79' lang='lat' dir='ltr'><strong>AZARA.</strong></span> 
     </span>
    </p>
   </div>
   <div class='ocr_carea' id='block_1_7' title="bbox 220 1371 1563 2078">
    <p class='ocr_par' dir='ltr' id='par_1_7' title="bbox 220 1371 1563 2078">
     <span class='ocr_line' id='line_1_16' title="bbox 317 1371 1555 1427; baseline 0.001 -14"><span class='ocrx_word' id='word_1_84' title='bbox 317 1373 532 1413; x_wconf 84' lang='lat' dir='ltr'><strong>Interioris</strong></span> <span class='ocrx_word' id='word_1_85' title='bbox 556 1380 679 1411; x_wconf 78' lang='lat' dir='ltr'><strong>notae</strong></span> <span class='ocrx_word' id='word_1_86' title='bbox 702 1371 838 1412; x_wconf 84' lang='lat' dir='ltr'><strong>Codd.</strong></span> <span class='ocrx_word' id='word_1_87' title='bbox 859 1373 1037 1426; x_wconf 87' lang='lat' dir='ltr'>aliquot,</span> <span class='ocrx_word' id='word_1_88' title='bbox 1072 1373 1121 1413; x_wconf 87' lang='lat' dir='ltr'><strong>ad</strong></span> <span class='ocrx_word' id='word_1_89' title='bbox 1141 1386 1243 1427; x_wconf 89' lang='lat' dir='ltr'><strong>quos</strong></span> <span class='ocrx_word' id='word_1_90' title='bbox 1266 1382 1427 1413; x_wconf 89' lang='lat' dir='ltr'><strong>textum</strong></span> <span class='ocrx_word' id='word_1_91' title='bbox 1445 1375 1555 1427; x_wconf 75' lang='lat' dir='ltr'><strong>typis</strong></span> 
     </span>
     <span class='ocr_line' id='line_1_17' title="bbox 221 1432 1555 1492; baseline 0 -12"><span class='ocrx_word' id='word_1_92' title='bbox 221 1439 481 1480; x_wconf 79' lang='lat' dir='ltr'><strong>Bodonianis</strong></span> <span class='ocrx_word' id='word_1_93' title='bbox 519 1439 840 1491; x_wconf 85' lang='lat' dir='ltr'><strong>exprimendum</strong></span> <span class='ocrx_word' id='word_1_94' title='bbox 875 1441 1076 1492; x_wconf 84' lang='lat' dir='ltr'><strong>exigeret,</strong></span> <span class='ocrx_word' id='word_1_95' title='bbox 1127 1432 1173 1479; x_wconf 66' lang='lat' dir='ltr'><strong>ad</strong></span> <span class='ocrx_word' id='word_1_96' title='bbox 1210 1453 1382 1480; x_wconf 85' lang='lat' dir='ltr'><strong>manum</strong></span> <span class='ocrx_word' id='word_1_97' title='bbox 1409 1441 1555 1481; x_wconf 86' lang='lat' dir='ltr'><strong>habuit</strong></span> 
     </span>
     <span class='ocr_line' id='line_1_18' title="bbox 221 1503 1554 1561; baseline 0.001 -15"><span class='ocrx_word' id='word_1_98' title='bbox 221 1507 361 1559; x_wconf 87' lang='lat' dir='ltr'><strong>Eques</strong></span> <span class='ocrx_word' id='word_1_99' title='bbox 388 1503 693 1548; x_wconf 86' lang='lat' dir='ltr'><strong>illustriffimus.</strong></span> <span class='ocrx_word' id='word_1_100' title='bbox 734 1518 756 1544; x_wconf 93' lang='lat' dir='ltr'><strong>e</strong></span> <span class='ocrx_word' id='word_1_101' title='bbox 786 1505 1034 1545; x_wconf 78' lang='lat' dir='ltr'><strong>bibliotheca</strong></span> <span class='ocrx_word' id='word_1_102' title='bbox 1066 1504 1307 1559; x_wconf 81' lang='lat' dir='ltr'><strong>amplisfima</strong></span> <span class='ocrx_word' id='word_1_103' title='bbox 1328 1507 1554 1561; x_wconf 83' lang='lat' dir='ltr'><strong>eademque</strong></span> 
     </span>
     <span class='ocr_line' id='line_1_19' title="bbox 220 1570 1554 1626; baseline 0 -14"><span class='ocrx_word' id='word_1_104' title='bbox 220 1570 434 1613; x_wconf 82' lang='lat' dir='ltr'><strong>lectisfima</strong></span> <span class='ocrx_word' id='word_1_105' title='bbox 456 1571 921 1623; x_wconf 72' lang='lat' dir='ltr'><strong>Chilianadepron1t053</strong></span> <span class='ocrx_word' id='word_1_106' title='bbox 939 1573 1116 1626; x_wconf 78' lang='lat' dir='ltr'><strong>quinque</strong></span> <span class='ocrx_word' id='word_1_107' title='bbox 1135 1573 1337 1612; x_wconf 87' lang='lat' dir='ltr'><strong>nimirum</strong></span> <span class='ocrx_word' id='word_1_108' title='bbox 1351 1573 1554 1619; x_wconf 82' lang='lat' dir='ltr'><strong>Odarum,</strong></span> 
     </span>
     <span class='ocr_line' id='line_1_20' title="bbox 222 1636 1563 1698; baseline 0.001 -20"><span class='ocrx_word' id='word_1_109' title='bbox 222 1647 307 1678; x_wconf 79' lang='lat' dir='ltr'><strong>tres</strong></span> <span class='ocrx_word' id='word_1_110' title='bbox 323 1637 630 1698; x_wconf 68' lang='lat' dir='ltr'><strong>Epssolarz&#39;tm‚</strong></span> <span class='ocrx_word' id='word_1_111' title='bbox 662 1639 777 1677; x_wconf 73' lang='lat' dir='ltr'><strong>Artis</strong></span> <span class='ocrx_word' id='word_1_112' title='bbox 796 1639 978 1690; x_wconf 72' lang='lat' dir='ltr'><strong>poeticae</strong></span> <span class='ocrx_word' id='word_1_113' title='bbox 1005 1647 1045 1677; x_wconf 89' lang='lat' dir='ltr'><strong>et</strong></span> <span class='ocrx_word' id='word_1_114' title='bbox 1068 1639 1326 1684; x_wconf 83' lang='lat' dir='ltr'><strong>Sermonum,</strong></span> <span class='ocrx_word' id='word_1_115' title='bbox 1375 1636 1563 1696; x_wconf 67' lang='lat' dir='ltr'><strong>quorum&#39;</strong></span> 
     </span>
     <span class='ocr_line' id='line_1_21' title="bbox 227 1703 1556 1746; baseline 0.002 -2"><span class='ocrx_word' id='word_1_116' title='bbox 227 1706 311 1744; x_wconf 81' lang='lat' dir='ltr'><strong>duo</strong></span> <span class='ocrx_word' id='word_1_117' title='bbox 343 1717 393 1743; x_wconf 88' lang='lat' dir='ltr'><strong>ex</strong></span> <span class='ocrx_word' id='word_1_118' title='bbox 416 1705 567 1743; x_wconf 89' lang='lat' dir='ltr'><strong>eodem</strong></span> <span class='ocrx_word' id='word_1_119' title='bbox 597 1703 786 1743; x_wconf 78' lang='lat' dir='ltr'><strong>thesauro</strong></span> <span class='ocrx_word' id='word_1_120' title='bbox 813 1704 1024 1744; x_wconf 81' lang='lat' dir='ltr'><strong>acceffere:</strong></span> <span class='ocrx_word' id='word_1_121' title='bbox 1060 1706 1229 1744; x_wconf 86' lang='lat' dir='ltr'><strong>tertium</strong></span> <span class='ocrx_word' id='word_1_122' title='bbox 1249 1706 1463 1745; x_wconf 84' lang='lat' dir='ltr'><strong>Zeladiana</strong></span> <span class='ocrx_word' id='word_1_123' title='bbox 1486 1708 1556 1746; x_wconf 84' lang='lat' dir='ltr'><strong>Bi-</strong></span> 
     </span>
     <span class='ocr_line' id='line_1_22' title="bbox 224 1769 1553 1825; baseline 0 -14"><span class='ocrx_word' id='word_1_124' title='bbox 224 1771 435 1811; x_wconf 88' lang='lat' dir='ltr'><strong>bliotheca</strong></span> <span class='ocrx_word' id='word_1_125' title='bbox 457 1769 626 1809; x_wconf 84' lang='lat' dir='ltr'><strong>suffecit.</strong></span> <span class='ocrx_word' id='word_1_126' title='bbox 698 1770 940 1814; x_wconf 84' lang='lat' dir='ltr'><strong>Lectiones,</strong></span> <span class='ocrx_word' id='word_1_127' title='bbox 992 1784 1088 1823; x_wconf 88' lang='lat' dir='ltr'><strong>quas</strong></span> <span class='ocrx_word' id='word_1_128' title='bbox 1119 1772 1165 1810; x_wconf 89' lang='lat' dir='ltr'><strong>in</strong></span> <span class='ocrx_word' id='word_1_129' title='bbox 1190 1772 1240 1811; x_wconf 85' lang='lat' dir='ltr'><strong>iis</strong></span> <span class='ocrx_word' id='word_1_130' title='bbox 1265 1772 1553 1825; x_wconf 82' lang='lat' dir='ltr'><strong>deprehendit,</strong></span> 
     </span>
     <span class='ocr_line' id='line_1_23' title="bbox 223 1825 1554 1893; baseline 0.002 -17"><span class='ocrx_word' id='word_1_131' title='bbox 223 1837 339 1876; x_wconf 81' lang='lat' dir='ltr'><strong>scitas</strong></span> <span class='ocrx_word' id='word_1_132' title='bbox 370 1838 592 1889; x_wconf 85' lang='lat' dir='ltr'><strong>doctasque</strong></span> <span class='ocrx_word' id='word_1_133' title='bbox 621 1836 734 1875; x_wconf 86' lang='lat' dir='ltr'><strong>idem</strong></span> <span class='ocrx_word' id='word_1_134' title='bbox 761 1825 952 1875; x_wconf 65' lang='lat' dir='ltr'><strong>vocat&#39;in</strong></span> <span class='ocrx_word' id='word_1_135' title='bbox 977 1835 1228 1883; x_wconf 85' lang='lat' dir='ltr'><strong>doctiffima,</strong></span> <span class='ocrx_word' id='word_1_136' title='bbox 1266 1830 1554 1893; x_wconf 70' lang='lat' dir='ltr'><strong>eleganterque</strong></span> 
     </span>
     <span class='ocr_line' id='line_1_24' title="bbox 223 1901 1552 1956; baseline -0.001 -12"><span class='ocrx_word' id='word_1_137' title='bbox 223 1903 368 1956; x_wconf 81' lang='lat' dir='ltr'><strong>scripta</strong></span> <span class='ocrx_word' id='word_1_138' title='bbox 398 1901 570 1942; x_wconf 77' lang='lat' dir='ltr'><strong>Praefat.</strong></span> <span class='ocrx_word' id='word_1_139' title='bbox 602 1917 643 1954; x_wconf 91' lang='lat' dir='ltr'><strong>p.</strong></span> <span class='ocrx_word' id='word_1_140' title='bbox 676 1904 726 1943; x_wconf 87' lang='lat' dir='ltr'><strong>X.</strong></span> <span class='ocrx_word' id='word_1_141' title='bbox 757 1912 804 1941; x_wconf 91' lang='lat' dir='ltr'><strong>ut</strong></span> <span class='ocrx_word' id='word_1_142' title='bbox 821 1902 924 1943; x_wconf 81' lang='lat' dir='ltr'><strong>adeo</strong></span> <span class='ocrx_word' id='word_1_143' title='bbox 943 1904 1224 1956; x_wconf 85' lang='lat' dir='ltr'><strong>maximopere</strong></span> <span class='ocrx_word' id='word_1_144' title='bbox 1244 1904 1474 1944; x_wconf 83' lang='lat' dir='ltr'><strong>dolendum</strong></span> <span class='ocrx_word' id='word_1_145' title='bbox 1492 1907 1552 1951; x_wconf 82' lang='lat' dir='ltr'><strong>fit,</strong></span> 
     </span>
     <span class='ocr_line' id='line_1_25' title="bbox 220 1970 1554 2023; baseline 0.001 -13"><span class='ocrx_word' id='word_1_146' title='bbox 220 1970 454 2011; x_wconf 83' lang='lat' dir='ltr'><strong>lectionum</strong></span> <span class='ocrx_word' id='word_1_147' title='bbox 485 1970 795 2023; x_wconf 82' lang='lat' dir='ltr'><strong>exquifitiorum</strong></span> <span class='ocrx_word' id='word_1_148' title='bbox 821 1970 1010 2010; x_wconf 80' lang='lat' dir='ltr'><strong>filvulam</strong></span> <span class='ocrx_word' id='word_1_149' title='bbox 1036 1971 1082 2010; x_wconf 89' lang='lat' dir='ltr'><strong>in</strong></span> <span class='ocrx_word' id='word_1_150' title='bbox 1115 1970 1221 2011; x_wconf 82' lang='lat' dir='ltr'><strong>calce</strong></span> <span class='ocrx_word' id='word_1_151' title='bbox 1247 1970 1343 2010; x_wconf 88' lang='lat' dir='ltr'><strong>libri</strong></span> <span class='ocrx_word' id='word_1_152' title='bbox 1369 1984 1458 2012; x_wconf 87' lang='lat' dir='ltr'><strong>non</strong></span> <span class='ocrx_word' id='word_1_153' title='bbox 1474 1973 1554 2012; x_wconf 81' lang='lat' dir='ltr'>&#39;ad-</span> 
     </span>
     <span class='ocr_line' id='line_1_26' title="bbox 221 2034 1132 2078; baseline 0 -1"><span class='ocrx_word' id='word_1_154' title='bbox 221 2039 372 2078; x_wconf 84' lang='lat' dir='ltr'><strong>iectam</strong></span> <span class='ocrx_word' id='word_1_155' title='bbox 390 2034 522 2077; x_wconf 78' lang='lat' dir='ltr'><strong>fuiffe.</strong></span> <span class='ocrx_word' id='word_1_156' title='bbox 1125 2043 1132 2051; x_wconf 85' lang='lat'><em>&#39;</em></span> 
     </span>
    </p>
   </div>
   <div class='ocr_carea' id='block_1_8' title="bbox 541 2163 1238 2208">
    <p class='ocr_par' dir='ltr' id='par_1_8' title="bbox 541 2163 1238 2208">
     <span class='ocr_line' id='line_1_27' title="bbox 541 2163 1238 2208; baseline 0.003 -4"><span class='ocrx_word' id='word_1_157' title='bbox 541 2163 770 2204; x_wconf 90' lang='lat' dir='ltr'><strong>CODD.</strong></span> <span class='ocrx_word' id='word_1_158' title='bbox 818 2164 1238 2208; x_wconf 84' lang='lat' dir='ltr'><strong>OBERLINI.</strong></span> 
     </span>
    </p>
   </div>
   <div class='ocr_carea' id='block_1_9' title="bbox 222 2232 1554 2766">
    <p class='ocr_par' dir='ltr' id='par_1_9' title="bbox 222 2232 1554 2555">
     <span class='ocr_line' id='line_1_28' title="bbox 322 2232 1554 2301; baseline 0.002 -17"><span class='ocrx_word' id='word_1_159' title='bbox 322 2246 514 2300; x_wconf 85' lang='lat' dir='ltr'><strong>Quatuor</strong></span> <span class='ocrx_word' id='word_1_160' title='bbox 525 2246 662 2287; x_wconf 84' lang='lat' dir='ltr'><strong>Codd.</strong></span> <span class='ocrx_word' id='word_1_161' title='bbox 682 2246 799 2286; x_wconf 88' lang='lat' dir='ltr'><strong>MSS.</strong></span> <span class='ocrx_word' id='word_1_162' title='bbox 823 2246 1231 2301; x_wconf 77' lang='lat' dir='ltr'><strong>Argentoratennbus</strong></span> <span class='ocrx_word' id='word_1_163' title='bbox 1247 2246 1342 2287; x_wconf 79' lang='lat' dir='ltr'><strong>usus</strong></span> <span class='ocrx_word' id='word_1_164' title='bbox 1360 2232 1554 2287; x_wconf 77' lang='lat' dir='ltr'><strong>est&#39;Ober-</strong></span> 
     </span>
     <span class='ocr_line' id='line_1_29' title="bbox 222 2312 1552 2370; baseline 0.003 -19"><span class='ocrx_word' id='word_1_165' title='bbox 222 2313 347 2357; x_wconf 86' lang='lat' dir='ltr'><strong>linus,</strong></span> <span class='ocrx_word' id='word_1_166' title='bbox 377 2315 442 2352; x_wconf 80' lang='lat' dir='ltr'><strong>vir</strong></span> <span class='ocrx_word' id='word_1_167' title='bbox 464 2313 730 2352; x_wconf 83' lang='lat' dir='ltr'><strong>humanitatis</strong></span> <span class='ocrx_word' id='word_1_168' title='bbox 748 2315 896 2366; x_wconf 80' lang='lat' dir='ltr'><strong>pariter</strong></span> <span class='ocrx_word' id='word_1_169' title='bbox 913 2323 1032 2370; x_wconf 74' lang='lat' dir='ltr'><strong>atque</strong></span> <span class='ocrx_word' id='word_1_170' title='bbox 1051 2312 1322 2367; x_wconf 75' lang='lat' dir='ltr'><strong>exquisitioris</strong></span> <span class='ocrx_word' id='word_1_171' title='bbox 1343 2315 1552 2355; x_wconf 80' lang='lat' dir='ltr'><strong>doctrinae</strong></span> 
     </span>
     <span class='ocr_line' id='line_1_30' title="bbox 222 2377 1554 2433; baseline 0.002 -14"><span class='ocrx_word' id='word_1_172' title='bbox 222 2380 342 2419; x_wconf 89' lang='lat' dir='ltr'><strong>laude</strong></span> <span class='ocrx_word' id='word_1_173' title='bbox 362 2377 690 2426; x_wconf 83' lang='lat' dir='ltr'><strong>florentiffimus‚</strong></span> <span class='ocrx_word' id='word_1_174' title='bbox 727 2394 750 2419; x_wconf 91' lang='lat' dir='ltr'><strong>e</strong></span> <span class='ocrx_word' id='word_1_175' title='bbox 771 2381 920 2433; x_wconf 64' lang='lat' dir='ltr'><strong>quibus</strong></span> <span class='ocrx_word' id='word_1_176' title='bbox 939 2382 983 2419; x_wconf 90' lang='lat' dir='ltr'><strong>in</strong></span> <span class='ocrx_word' id='word_1_177' title='bbox 1001 2379 1119 2419; x_wconf 82' lang='lat' dir='ltr'><strong>usum</strong></span> <span class='ocrx_word' id='word_1_178' title='bbox 1140 2381 1299 2422; x_wconf 76' lang='lat' dir='ltr'><strong>critices</strong></span> <span class='ocrx_word' id='word_1_179' title='bbox 1325 2382 1554 2421; x_wconf 55' lang='lat' dir='ltr'><strong>ertantiora</strong></span> 
     </span>
     <span class='ocr_line' id='line_1_31' title="bbox 222 2445 1551 2500; baseline 0.002 -16"><span class='ocrx_word' id='word_1_180' title='bbox 222 2446 267 2485; x_wconf 86' lang='lat' dir='ltr'><strong>in</strong></span> <span class='ocrx_word' id='word_1_181' title='bbox 288 2447 393 2486; x_wconf 85' lang='lat' dir='ltr'><strong>calce</strong></span> <span class='ocrx_word' id='word_1_182' title='bbox 412 2445 756 2500; x_wconf 83' lang='lat' dir='ltr'><strong>splendidiffimae</strong></span> <span class='ocrx_word' id='word_1_183' title='bbox 776 2446 865 2486; x_wconf 80' lang='lat' dir='ltr'><strong>suae</strong></span> <span class='ocrx_word' id='word_1_184' title='bbox 899 2447 1095 2487; x_wconf 82' lang='lat' dir='ltr'><strong>editionis</strong></span> <span class='ocrx_word' id='word_1_185' title='bbox 1123 2448 1351 2487; x_wconf 86' lang='lat' dir='ltr'><strong>adiicienda</strong></span> <span class='ocrx_word' id='word_1_186' title='bbox 1379 2448 1551 2487; x_wconf 83' lang='lat' dir='ltr'><strong>curavit.</strong></span> 
     </span>
     <span class='ocr_line' id='line_1_32' title="bbox 223 2511 1040 2555; baseline -0.002 -2"><span class='ocrx_word' id='word_1_187' title='bbox 223 2513 286 2553; x_wconf 82' lang='lat' dir='ltr'><strong>Ita</strong></span> <span class='ocrx_word' id='word_1_188' title='bbox 307 2525 408 2553; x_wconf 85' lang='lat' dir='ltr'><strong>vero</strong></span> <span class='ocrx_word' id='word_1_189' title='bbox 430 2511 722 2553; x_wconf 74' lang='lat' dir='ltr'><strong>accuratissime</strong></span> <span class='ocrx_word' id='word_1_190' title='bbox 742 2526 813 2555; x_wconf 81' lang='lat' dir='ltr'><strong>eos</strong></span> <span class='ocrx_word' id='word_1_191' title='bbox 831 2512 1040 2553; x_wconf 83' lang='lat' dir='ltr'><strong>describit:</strong></span> 
     </span>
    </p>

    <p class='ocr_par' dir='ltr' id='par_1_10' title="bbox 225 2578 1553 2701">
     <span class='ocr_line' id='line_1_33' title="bbox 328 2578 1553 2632; baseline 0.001 -13"><span class='ocrx_word' id='word_1_192' title='bbox 328 2578 432 2620; x_wconf 78' lang='lat' dir='ltr'><strong>cod.</strong></span> <span class='ocrx_word' id='word_1_193' title='bbox 458 2582 507 2619; x_wconf 86' lang='lat' dir='ltr'><strong>A.</strong></span> <span class='ocrx_word' id='word_1_194' title='bbox 545 2580 718 2618; x_wconf 86' lang='lat' dir='ltr'><strong>Formae</strong></span> <span class='ocrx_word' id='word_1_195' title='bbox 742 2589 904 2632; x_wconf 80' lang='lat' dir='ltr'><strong>quartae</strong></span> <span class='ocrx_word' id='word_1_196' title='bbox 925 2579 1080 2622; x_wconf 78' lang='lat' dir='ltr'><strong>saeculo</strong></span> <span class='ocrx_word' id='word_1_197' title='bbox 1101 2581 1150 2619; x_wconf 91' lang='lat' dir='ltr'><strong>X.</strong></span> <span class='ocrx_word' id='word_1_198' title='bbox 1174 2579 1416 2620; x_wconf 82' lang='lat' dir='ltr'><strong>tribuendus</strong></span> <span class='ocrx_word' id='word_1_199' title='bbox 1437 2580 1553 2620; x_wconf 81' lang='lat' dir='ltr'><strong>vide-</strong></span> 
     </span>
     <span class='ocr_line' id='line_1_34' title="bbox 225 2643 1553 2701; baseline 0.002 -17"><span class='ocrx_word' id='word_1_200' title='bbox 225 2652 317 2693; x_wconf 86' lang='lat' dir='ltr'><strong>tur,</strong></span> <span class='ocrx_word' id='word_1_201' title='bbox 356 2646 471 2700; x_wconf 86' lang='lat' dir='ltr'><strong>quod</strong></span> <span class='ocrx_word' id='word_1_202' title='bbox 501 2644 757 2699; x_wconf 83' lang='lat' dir='ltr'><strong>frequentior</strong></span> <span class='ocrx_word' id='word_1_203' title='bbox 784 2643 1164 2701; x_wconf 66' lang='lat' dir='ltr'><strong>diphthongorum‘,</strong></span> <span class='ocrx_word' id='word_1_204' title='bbox 1208 2646 1394 2700; x_wconf 82' lang='lat' dir='ltr'><strong>separatis</strong></span> <span class='ocrx_word' id='word_1_205' title='bbox 1423 2647 1553 2687; x_wconf 79' lang='lat' dir='ltr'><strong>literis</strong></span> 
     </span>
    </p>

    <p class='ocr_par' dir='ltr' id='par_1_11' title="bbox 1395 2712 1550 2766">
     <span class='ocr_line' id='line_1_35' title="bbox 1395 2712 1550 2766; baseline 0 -14"><span class='ocrx_word' id='word_1_206' title='bbox 1395 2712 1550 2766; x_wconf 84' lang='lat' dir='ltr'><strong>scripta·</strong></span> 
     </span>
    </p>
   </div>
  </div>
 </body>
</html>
