1664 3112
207 207 282 264 44

595 216 644 261 q.
685 215 912 248 noun-11
952 217 1134 254 FLAcc1

339 308 1401 384 A-Dv‘lne1-L1vm.

510 440 1201 464 m

205 527 308 623 Sic
346 578 394 613 te
428 567 566 614 Diva
599 577 783 630 potens
819 569 1000 633 Cypri,

277 656 360 704 Sic
393 653 572 704 fratres
601 656 826 705 Helenae
840 693 854 715 ‚

259 920 292 942 v.
319 912 450 950 1—8.
488 905 637 943 Vtinam
667 905 776 940 fausta
806 907 848 940 fit

204 961 356 1011 Virgilii
382 961 423 995 in
454 960 610 995 Atticam
639 960 847 1010 navigatio!

206 1017 426 1051 Sententiam
448 1015 539 1049 hanc
548 1016 587 1049 in
603 1015 752 1049 disceffu
762 1015 848 1048 ami-

206 1072 250 1109 ci,
280 1083 346 1118 per
363 1083 459 1104 mare
476 1071 546 1104 iter
565 1070 736 1108 facientis,
768 1070 846 1104 satis

207 1126 366 1164 obviam,
394 1126 535 1174 egregie
555 1135 660 1172 poeta
679 1123 862 1159 nobilita-A

204 1181 263 1215 vit
293 1182 357 1218 fic,
396 1190 436 1213 ut
467 1180 577 1226 ipsam
597 1192 726 1214 navem
751 1178 847 1212 adlo-

204 1244 360 1281 quatur,
389 1247 536 1280 eamque
557 1234 715 1284 Virgilio
738 1233 844 1281 depo-

205 1290 263 1324 siti
300 1288 380 1323 loco
421 1289 504 1323 dato
544 1288 607 1323 fibi
638 1288 842 1338 obstringat,

204 1356 314 1390 quem
384 1343 471 1377 adeo
527 1343 746 1378 incolumem
802 1343 843 1376 in

205 1411 306 1433 oram
326 1398 482 1433 Attiea'm
508 1399 683 1445 perferat,
718 1397 842 1444 ibique

205 1453 350 1491 reddat,
387 1462 492 1499 atque
518 1452 583 1486 hac
610 1462 749 1486 tantum
780 1452 842 1486 sub

204 1507 283 1558 lege
320 1508 353 1542 ei
394 1507 540 1542 faustam
574 1508 842 1557 navigationem

204 1563 425 1610 adprecetur.
463 1565 650 1597 Structura
670 1562 842 1596 orationis

203 1616 327 1665 paullo
347 1617 558 1655 abstmfior‚
586 1618 636 1652 ita
656 1617 845 1666 expedien-

203 1672 268 1707 da:
317 1673 353 1707 Ο
381 1675 496 1710 ηαυὶε,
537 1673 732 1720 Virgilium,
769 1685 846 1718 pre-

203 1739 275 1765 cor,
313 1727 514 1762 incolumem
540 1727 664 1761 reddas
685 1726 723 1773 f.
753 1726 845 1760 Atti-

204 1783 275 1816 cis.-
305 1780 358 1831 stc
381 1792 413 1815 te
433 1791 532 1827 regat
554 1781 636 1814 diva
662 1790 786 1827 potens
806 1781 843 1814 C.

203 1846 291 1870 caet.
331 1836 387 1870 uti
416 1836 490 1870 fere
527 1834 622 1882 apud
650 1834 786 1869 Tibull.
816 1837 844 1868 I.

202 1899 241 1936 4.
273 1905 305 1924 1.
360 1892 414 1926 Sic
454 1889 608 1925 sollenne
635 1890 675 1925 in
704 1889 849 1924 obtesta-

203 1945 376 1983 tionibus,
403 1945 468 1979 ubi
486 1945 606 1983 alteri,
630 1956 702 1991 quo
723 1943 849 1978 luben-

204 2001 278 2035 tius
294 2000 442 2048 praestet
460 1999 516 2038 id,
554 1999 652 2046 quod
673 2011 738 2033 nos
755 1999 847 2046 peti-

203 2067 311 2102 ιτιιιε,ι
340 2067 429 2101 quae
449 2055 514 2102 ipfi
532 2064 631 2104 grata
651 2063 687 2088 et
707 2063 846 2101 accepta

202 2113 304 2149 funt,
352 2109 503 2144 viciffim
533 2118 763 2156 exoptamus:
802 2119 846 2143 ut

202 2167 232 2199 I.
265 2171 327 2209 28.
361 2172 423 2206 25.
471 2163 606 2198 Tibull.
629 2166 673 2197 ΙΙ.
694 2171 729 2206 5.
755 2174 842 2198 121.

202 2220 340 2258 Adnue,
352 2218 404 2267 fic
416 2219 478 2253 tibi
489 2218 563 2267 fint
582 2217 717 2266 intonsi,
736 2219 846 2253 Phoa-

204 2276 266 2312 Μ’,
291 2274 435 2321 capilli,·
464 2274 529 2320 qui
550 2272 649 2308 locus
671 2273 780 2307 fluxit
798 2286 843 2308 ex

203 2328 374 2376 Apollon.
396 2331 440 2362 II.
465 2334 552 2371 708.
589 2323 743 2367 Ἶλήκοις·
777 2329 847 2363 αἰεί

203 2398 272 2426 τοι,
298 2377 398 2427 σ’ἱνοιξ,
421 2378 582 2427 ἅτμητοί
598 2381 743 2431 ἔθειραι,
771 2381 843 2418 αἰὲν

202 2434 381 2479 ἀδήλητοι.
447 2439 541 2472 Βίυα
567 2449 689 2485 potens
719 2439 842 2486 Cypri,

203 2491 338 2542 Κύπρου
357 2490 544 2542 κρατοῦσα,
570 2505 693 2542 graeca
714 2494 844 2527 oratio-

203 2550 260 2583 nis
279 2549 395 2582 forma
414 2548 474 2594 (nt
493 2550 520 2581 I.
544 2556 579 2591 5.
603 2557 693 2581 extr.
720 2559 843 2596 potens

205 2606 308 2638 maris
329 2604 422 2637 Deus
451 2612 486 2636 et
506 2605 546 2638 C.
568 2605 661 2636 Saec.
689 2616 720 2636 1.
734 2602 844 2651 Jilva-

203 2659 280 2694 ru'm
307 2668 430 2706 potens
459 2658 612 2705 Diana.)
638 2668 726 2705 pro,
753 2669 842 2705 quae

919 655 1095 706 lucida
1130 655 1316 714 sidera,

1340 744 1530 793 'Vento-

889 907 985 957 regit
1005 908 1180 955 Cyprum,
1209 909 1353 944 Venus:
1382 904 1534 941 sollenni
1597 911 1600 914 ⁴

890 962 1059 1000 notione,
1087 975 1157 1008 qua
1175 962 1259 998 Diis
1281 961 1457 1013 ἕγχφρίοις
1478 970 1533 996 tu-

891 1016 961 1051 tela
990 1027 1094 1064 atque
1140 1017 1334 1064 imperium
1372 1015 1531 1050 eiusdem

890 1072 1047 1121 regionis
1075 1071 1303 1110 adscribitur,
1347 1070 1531 1117 iidemque

889 1126 983 1165 inde,
1014 1134 1182 1172 tanquam
1202 1113 1398 1175 augustiori
1414 1123 1530 1175 appel-

888 1179 1022 1216 latione
1037 1171 1271 1215 declarantur.
1298 1186 1337 1215 'v.
1355 1181 1383 1214 Ι.
1403 1189 1439 1214 2.
1463 1188 1525 1223 35.

886 1237 950 1270 111.
973 1236 1034 1270 26.
1055 1248 1091 1283 9.
1122 1248 1177 1270 res
1194 1245 1291 1269 nota.
1333 1237 1529 1269 Invocatur

885 1289 948 1325 hic
970 1301 1138 1338 tanquam
1149 1292 1229 1325 Dea.
1244 1290 1351 1324 maris
1369 1289 1528 1328 domina,

886 1346 1020 1393 quippe
1038 1359 1184 1394 aequore
1203 1355 1296 1383 nata,
1316 1354 1358 1378 ut
1376 1343 1526 1379 cauffam

886 1400 987 1434 addit
1007 1400 1117 1436 ovid.
1137 1399 1287 1435 Heroid.
1309 1401 1410 1435 XIX.
1435 1398 1523 1434 160.

886 1455 951 1489 nifi
970 1455 1093 1503 potius
1105 1454 1215 1489 huius
1234 1454 1287 1488 rei
1307 1454 1399 1488 ratio
1418 1463 1525 1500 atque

886 1511 990 1560 origo
1019 1524 1038 1543 a
1060 1510 1205 1558 Cypriis
1221 1508 1410 1556 repetenda
1425 1507 1526 1543 vide-

888 1574 948 1598 tur
959 1590 967 1603 ,
996 1565 1062 1611 qui
1079 1565 1346 1614 navigationem
1365 1563 1527 1611 paraturi

886 1622 1065 1655 Venerem
1076 1644 1085 1658 ,
1119 1621 1236 1653 Deam
1253 1619 1414 1666 ipsorum
1434 1627 1526 1652 tute-

885 1673 997 1708 larem
1017 1674 1236 1712 invocarent,
1263 1672 1306 1707 ab
1325 1685 1434 1719 eaque
1452 1672 1527 1706 fau·

886 1728 978 1762 stum
997 1728 1067 1762 iter
1085 1728 1332 1774 exposcereut3
1360 1726 1451 1772 (fere
1470 1727 1528 1762 uti

887 1783 927 1816 in
944 1781 1095 1829 ¹adpulsu
1123 1782 1167 1816 ad
1193 1781 1374 1829 Ephesum
1389 1781 1527 1819 Dianae

890 1837 1058 1884 Ephefiae
1095 1846 1210 1887 grates
1248 1845 1406 1886 aguntur
1431 1835 1528 1883 apud.

891 1891 1005 1926 Plaut.
1028 1891 1110 1927 Mil.
1132 1891 1223 1942 glor.
1241 1893 1288 1926 11.
1311 1899 1347 1934 5.
1363 1904 1396 1925 1.
1417 1903 1528 1942 quan-
1554 1900 1558 1904 ’

891 1959 999 1993 quam
1026 1956 1060 1980 et
1085 1946 1171 1981 haec
1197 1946 1261 1981 dea
1285 1941 1528 1991 λιμενοσκὸσος

891 2001 1032 2037 callim.
1044 2003 1091 2035 H.
1103 2002 1142 2035 in
1153 2001 1259 2036 Dian.
1273 2003 1381 2048 259.)
1392 2009 1433 2051 υἷι
1443 2000 1526 2042 inde

889 2056 977 2090 adeo
1004 2056 1100 2090 inter
1128 2069 1182 2090 eas
1211 2065 1349 2106 gentes,
1377 2067 1464 2102 quas
1484 2055 1525 2092 ii,

887 2120 1123 2146 mercaturam
1150 2111 1337 2148 facientes,
1375 2109 1524 2147 adirent,

886 2161 1058 2201 Εὗπλοίοις
1084 2178 1216 2200 nomen
1233 2167 1356 2202 Venus
1384 2163 1523 2199 sortire-

888 2231 969 2260 tur,
999 2221 1103 2267 eique
1121 2220 1160 2254 in
1181 2219 1368 2258 litoribus,
1397 2227 1521 2266 portu·

886 2275 974 2314 bus,
1001 2285 1107 2322 atque
1133 2273 1256 2309 insulis
1274 2273 1393 2308 sacella
1413 2273 1523 2324 erige-

886 2340 1023 2364 rentur.
1079 2332 1244 2376 Spectant
1261 2329 1334 2363 huc
1353 2341 1398 2362 ex
1417 2327 1521 2363 Anal.

886 2384 1040 2420 Brunkii
1068 2383 1208 2420 Solonis
1248 2395 1278 2417 c.
1312 2384 1520 2421 XXXVIII.

886 2440 956 2484 (T.
985 2441 1014 2473 Ι.
1048 2451 1084 2486 p.
1111 2440 1203 2484 75.)
1246 2440 1384 2485 Anytes
1415 2450 1444 2471 c.
1474 2438 1520 2475 V.

886 2494 953 2539 (ib.
971 2507 1006 2541 p.
1032 2495 1137 2540 198.)
1166 2492 1362 2527 Mnatalcae
1381 2505 1409 2527 e.
1420 2494 1519 2530 vm.
1536 2502 1539 2511 '

887 2549 953 2594 (ib.
979 2561 1014 2595 p.
1038 2550 1144 2595 191.)
1180 2557 1215 2581 et
1235 2546 1414 2582 Gaetulici
1441 2559 1470 2582 c.
1489 2549 1518 2582 Ῑ.
1586 2582 1591 2587 ,

886 2604 949 2648 (Τ.
969 2605 1014 2636 11.
1036 2616 1070 2650 p.
1096 2601 1202 2649 166.)
1229 2611 1264 2636 et
1282 2603 1322 2636 in
1339 2596 1520 2642 ’Μεσπότς

887 2671 914 2693 e.
947 2658 1122 2698 CCLXV.
1160 2657 1221 2703 (T.
1250 2659 1314 2692 111.
1343 2669 1393 2706 p..
1411 2659 1522 2705 205.)

1252 2743 1253 2747 ,
1396 2711 1528 2748 Ποντιόι
