1664 3112
303 189 424 223 CLVI

752 185 859 225 DE
931 191 1173 225 V1‘rA

299 300 493 363 quidam
522 298 833 361 exprobrasset
868 300 922 346 in
962 302 1286 365 altereatione:
1335 304 1524 363 quotiens
1550 325 1623 363 ego

260 397 284 422 ε
299 385 391 424 vidi
406 393 566 435 patrem
595 393 710 422 tuum
730 382 894 422 brachio
912 378 964 443 J}
989 385 1321 444 emungentem?]
1363 383 1490 428 helio
1514 385 1623 430 Phi·
1646 383 1650 386 ⁵

295 457 495 522 lippenfi
511 494 523 514 ‚
557 458 735 503 excitus
754 475 778 502 a
795 461 870 519 M.
892 462 1039 505 Bruto
1054 460 1361 522 imperatore,
1403 462 1624 509 tribunus

296 539 510 584 militum
534 537 734 596 meruit3
771 536 1004 600 victisque
1025 540 1265 602 partibus,
1308 539 1450 587 venia
1475 541 1623 603 impe-

293 775 396 810 tonio
417 776 479 813 fit,
517 785 602 808 nam
629 773 726 821 poss'e
744 771 865 807 nihilo
890 773 935 808 se-

292 831 367 864 cius
385 829 666 864 Grammaticum
681 829 844 862 seriorem
858 828 934 862 eius

290 894 472 919 auctorem
511 884 594 922 effe,
639 893 673 917 et
702 883 812 917 modo
843 882 934 916 illud

290 940 335 974 de
356 939 516 989 Augusto
535 952 555 972 e
577 939 749 972 Suetonio
763 938 933 972 sumfiffe.

289 996 357 1043 Sed
381 994 440 1029 vel
461 996 505 1028 fic
522 992 624 1027 facile
652 992 862 1026 inducimur
891 991 935 1025 ad

289 1044 519 1084 re'ctissimum
557 1048 600 1082 de
629 1047 694 1082 hac
733 1048 810 1082 vita
840 1046 935 1080 iudi-

289 1105 405 1139 cium:
446 1105 512 1138 effe
532 1115 607 1137 earn
629 1102 780 1136 omnino
810 1115 828 1135 a
850 1102 934 1135 Sue-

289 1160 403 1197 tonio,
434 1160 487 1192 sed
508 1158 761 1208 g1·amm÷iticos
773 1166 809 1191 et
827 1155 935 1190 libra-

287 1216 362 1250 rios
384 1214 590 1251 monachos,
619 1214 682 1259 qui
701 1211 799 1245 illam
822 1222 934 1245 trans-

286 1269 495 1307 scriberent,
533 1267 593 1302 vel
611 1267 782 1305 omisiss’e,
809 1267 849 1301 in
871 1267 932 1301 suo

286 1337 468 1372 quemque
507 1323 698 1370 exemplo,
746 1321 932 1368 quaedam,

286 1380 347 1415 vel
385 1380 452 1413 alia
491 1378 534 1412 de
577 1379 646 1413 suis
685 1375 931 1424 interpolasse3

286 1435 383 1482 quod
414 1433 586 1468 ultimum
617 1433 661 1466 de
698 1432 826 1466 infami
865 1430 930 1464 illo

283 1489 366 1525 loco
394 1489 437 1523 de
465 1487 641 1536 speculato
671 1486 838 1521 cubiculo
859 1498 932 1520 cer-

285 1545 458 1579 tiffimum
481 1543 538 1577 est.
583 1543 751 1578 Ceterum
770 1541 932 1588 Porphy-

284 1590 424 1634 ri'onem
471 1598 578 1632 etiam
623 1598 739 1631 vitam
785 1596 928 1630 Horatii

283 1654 449 1702 scripfiss'e
461 1678 471 1692 ‚
498 1653 570 1700 ipse
588 1652 730 1687 testatur
750 1651 794 1685 ad
812 1653 925 1685 Serm.

284 1711 313 1745 I.
337 1709 373 1744 6.
404 1716 469 1753 41.

343 1778 376 1798 1.
416 1764 597 1800 libertino,
643 1760 720 1794 vid.
752 1762 865 1794 Serm.
896 1761 925 1792 1.

285 1819 320 1855 6.
344 1826 408 1865 45.
450 1818 588 1865 quidem
605 1815 697 1850 deest
721 1815 757 1848 in
781 1813 928 1860 quibus-

282 1874 362 1908 dam
385 1873 509 1912 editi53
553 1871 750 1921 elegantius
769 1869 860 1904 adest
887 1871 926 1902 in

281 1931 384 1964 MSS.
452 1929 521 1961 Pro
542 1929 784 1963 exactionum,
827 1923 926 1970 quod

279 1984 396 2034 vulgo
415 1982 563 2032 legitur,
591 1980 767 2027 praeclare
787 1978 925 2012 emend.

279 2040 384 2074 Gesn.
406 2039 648 2072 exauctionum
676 2035 713 2069 h.
741 2034 924 2068 finitarum

278 2096 301 2129 s.
323 2094 545 2141 pennarum
566 2091 774 2124 auctionum
795 2089 818 2122 i.
840 2101 926 2122 ven·

279 2150 461 2183 ditionum
473 2145 700 2194 publicarum
713 2158 723 2184 ;
743 2144 782 2177 in
794 2142 925 2190 quibus

279 2214 315 2239 et
345 2215 531 2251 praecones
557 2201 686 2238 effent,
722 2199 757 2232 h.
781 2199 845 2245 qui
867 2198 926 2232 sta-

278 2269 361 2294 rent
379 2258 421 2292 ad
438 2256 589 2294 hastam,
627 2253 817 2300 oblataque
847 2265 925 2300 pre-

280 2314 330 2348 tia
377 2313 623 2348 enuntiarent,
657 2320 690 2344 et
739 2319 923 2346 coactores,

277 2369 315 2404 h.
335 2368 400 2414 qui
421 2367 465 2401 ab
484 2365 563 2403 his,
609 2364 743 2411 quibus
773 2363 924 2397 attribu-

279 2433 335 2458 tae
353 2423 498 2457 fuissent
516 2421 554 2454 in
582 2419 748 2454 auctione
768 2416 924 2468 singulae

277 2490 354 2516 res,
389 2477 547 2525 pretium
571 2475 788 2526 exigendum
810 2474 834 2507 s.
853 2471 925 2506 col-

276 2532 459 2582 ligendam
491 2530 679 2578 pecuniam
709 2530 749 2563 in
778 2529 808 2562 se
836 2527 924 2562 reci·

277 2598 423 2636 petent,
460 2595 559 2633 pacta
588 2587 774 2620 centelima
801 2591 921 2629 partu

277 2652 321 2678 ut
341 2650 485 2691 apparet
497 2653 515 2674 e
529 2641 604 2676 Cic.
618 2639 740 2676 Rabir.
754 2637 840 2673 Post.
861 2650 921 2671 ιι.

1422 671 1425 674 ,
1488 631 1620 678 trata,

979 773 1065 809 Tale
1083 786 1216 809 munus
1237 773 1375 810 obierat
1401 775 1545 813 Horatii
1564 788 1622 822 pn-

979 838 1054 867 ter,
1083 839 1118 864 et
1136 830 1221 864 inde
1248 829 1404 864 reculam
1436 830 1499 865 fibi
1528 843 1623 864 com-

977 895 1124 930 pararat.
1182 885 1238 919 Cf.
1256 887 1368 919 Serm.
1391 888 1418 918 I.
1438 885 1472 919 6.
1492 897 1622 932 9¹⁸·—
1651 923 1659 932 p

980 940 1047 971 Pto
1077 950 1116 973 ut
1149 952 1231 974 vero
1259 939 1404 986 quidam
1442 939 1528 974 libri
1564 953 1619 987 ap.

980 994 1092 1042 Rutg.
1113 1004 1152 1027 ut
1169 1007 1258 1035 vere,
1286 997 1382 1028 unde
1406 994 1551 1030 casaub.
1574 994 1620 1039 le-

978 1046 1084 1096 gebat
1093 1047 1187 1095 sere.
1227 1047 1523 1094 Salsamentarius,
1556 1049 1620 1096 qui

979 1100 1178 1135 salsamenta
1224 1101 1329 1142 facit,
1376 1101 1438 1137 vel
1481 1104 1620 1142 vendit,

978 1155 1261 1202 ἀλλαντοπώλης.
1344 1157 1472 1192 moer.
1505 1159 1619 1192 vertit
1643 1188 1648 1196 ,

979 1225 1024 1244 un
1044 1212 1245 1259 char-cutim.
1273 1229 1328 1239 —
1356 1213 1619 1260 immusvgentem

977 1277 1044 1313 pro
1074 1276 1309 1313 emungentem
1335 1266 1374 1300 in
1402 1265 1504 1302 libris
1532 1269 1620 1302 Rut-

977 1321 1082 1371 gerfii
1109 1331 1146 1356 et
1182 1322 1228 1356 fic
1257 1312 1362 1357 Baxt:
1402 1333 1618 1369 mungentem

979 1375 1123 1411 casaub.
1203 1376 1389 1411 Laudatur
1430 1378 1534 1411 Auct.
1575 1376 1618 1410 ad

975 1433 1108 1465 Hercu.
1132 1433 1194 1468 IV.
1217 1438 1281 1477 54.
1315 1430 1617 1480 Vtfisalsamen-

976 1489 1059 1519 carii
1072 1487 1154 1531 filio
1172 1484 1291 1520 dicas:
1318 1483 1451 1534 quiesce
1471 1495 1532 1527 tu,
1561 1500 1616 1519 cu-

965 1542 1027 1574 -ius
1045 1551 1145 1587 pater
1164 1541 1278 1575 cubito
1298 1539 1341 1588 se
1361 1543 1544 1586 emungere
1557 1540 1617 1588 so-

971 1595 1076 1629 labat.
1131 1595 1267 1631 Vereor
1289 1603 1420 1633 autem,
1447 1607 1491 1628 ne
1510 1594 1616 1629 haec:

971 1659 1011 1683 ut
1027 1663 1108 1684 vero
1126 1649 1292 1685 creditum
1303 1669 1355 1676 —·
1365 1660 1614 1696 emungentem,

971 1716 990 1737 a
1010 1703 1158 1738 librario
1179 1706 1253 1738 (int.
1283 1702 1430 1752 [Recte;
1459 1704 1614 1750 idquod

970 1757 1031 1792 vel
1052 1758 1172 1792 hiulca
1191 1759 1308 1792 oratio
1326 1759 1457 1808 arguit.
1491 1758 1614 1795 'Forte

971 1813 1174 1860 duopanni
1202 1813 1304 1847 affuti
1334 1814 1436 1856 funt,
1472 1813 1614 1861 primus

971 1867 1015 1901 de
1038 1868 1312 1906 salsamentario,
1356 1868 1416 1902 cui
1433 1867 1524 1903 alius
1543 1880 1615 1911 μιιο-.

970 1933 1048 1957 tum
1079 1922 1172 1972 illud
1203 1924 1355 1962 scomma
1376 1935 1421 1956 ex
1442 1926 1547 1958 Auct.
1568 1923 1615 1957 nd

970 1980 1102 2012 Heren.
1127 1978 1302 2014 adtexuit.
1361 1980 1486 2026 Itaque
1514 1979 1614 2013 uncis

969 2032 1126 2082 incluli.]

1027 2152 1063 2177 2.
1092 2136 1264 2179 exeri-icus
1276 2141 1369 2177 liber
1387 2142 1538 2177 Puteani
1555 2154 1610 2190 ap.

969 2199 1135 2240 Rutgers.
1181 2197 1358 2234 mendose.
1441 2198 1612 2244 Scriptum

968 2245 1199 2300 quaestorium
1257 2251 1424 2301 intelligo
1476 2263 1611 2286 munus

968 2307 1108 2346 scribae,
1136 2321 1154 2341 a
1174 2307 1354 2354 quaestore
1370 2308 1409 2340 in
1429 2306 1611 2347 decuriam

968 2361 1073 2403 lecti;
1101 2363 1166 2409 qui
1181 2361 1353 2410 scriptum
1381 2362 1496 2407 facere
1522 2361 1609 2396 dici-

969 2426 1039 2451 tur.
1080 2418 1136 2453 cf.
1157 2418 1242 2452 Liv.
1271 2418 1335 2451 IX.
1355 2416 1418 2462 46.
1441 2418 1521 2453 XL.
1545 2426 1606 2463 29.

968 2471 1090 2517 [Adde
1119 2473 1270 2506 Maison.
1310 2471 1350 2504 in
1381 2471 1459 2506 vita
1487 2470 1608 2507 Nostri

967 2539 1002 2574 p.
1032 2533 1081 2573 74
1103 2528 1148 2572 sq.
1186 2528 1251 2573 qui
1277 2525 1464 2560 commode
1489 2525 1610 2559 laudat

968 2581 1059 2616 Gen.
1103 2583 1163 2618 VI.
1204 2595 1239 2629 9.
1280 2581 1336 2615 Ad
1360 2593 1438 2617 rem
1478 2579 1606 2617 Noster

965 2639 1076 2671 Serm.
1099 2639 1145 2671 11.
1167 2636 1201 2672 6.
1225 2637 1310 2683 36]

1567 2699 1601 2732 5.
