1664 3112
43 2105 50 2146 ἰ
107 2092 191 2135 dere
209 2100 367 2147 flumina
386 2100 580 2148 gaudebat.

361 197 656 230 CARMINVM
691 198 738 228 L.
768 187 804 228 r.
847 196 888 227 c.
915 195 975 229 11.
1017 190 1067 228 v.
1099 191 1126 235 5
1147 189 1231 236 ·3.

205 264 213 289 )

1408 190 1477 236 27

119 317 289 364 Omne
327 331 499 380 quum
538 316 758 363 Proteus
794 329 954 380 pecus
989 311 1096 379 egit
1128 311 1258 362 altos

414 402 426 417 Χ

114 640 301 690 mythica‚
343 640 500 691 amplius
521 652 674 678 exornat
693 655 779 692 poe-

118 705 165 732 ta.
223 699 400 738 Proteus,
438 694 504 746 qu’i
523 699 694 746 Neptuni
723 711 777 733 ar-

113 755 250 789 mentis
271 763 444 802 praeerat,
476 753 600 787 eadem
620 766 725 802 agere
739 763 775 787 et

113 810 268 858 pascere·
284 808 484 843 dicebatur.
546 820 584 842 v.
618 809 771 842 Homer.

113 864 187 902 Od.
208 860 251 900 Δ.
273 863 353 908 386
372 864 447 910 sqq.
475 862 612 913 Vir'gss.
627 863 692 899 Ge.
707 864 770 900 IV.

113 928 205 968 595.
238 929 275 954 et
305 918 496 955 Claudian.
526 917 624 955 laud.
647 918 769 954 seren.

114 982 206 1020 128.
254 977 331 1010 Iam
361 987 431 1024 pro
462 974 634 1026 vulgari,
670 988 770 1010 mare

109 1030 271 1068 summos
291 1041 436 1067 montes
458 1030 679 1080 occupabat,
709 1045 771 1067 ex.

60 1115 66 1120 ,
109 1087 279 1136 quiIitIus
313 1097 410 1127 erat,
448 1086 577 1122 beluae
607 1089 768 1123 marinae

109 1144 216 1194 super
258 1154 403 1179 montes
445 1143 679 1183 ferebantur,
728 1145 768 1179 in

108 1199 300 1236 montibus
310 1226 321 1240 ‚
351 1213 478 1248 aquae-
493 1199 684 1236 submersis
713 1213 768 1236 re-

109 1256 314 1296 cubabant,
353 1267 390 1292 et
419 1255 488 1305 pro
519 1256 591 1292 hoc
621 1257 767 1292 doctior

34 1307 35 1310 ¹
55 1320 75 1351 ’,
109 1323 186 1348 erat
214 1313 331 1354 ratio,
370 1314 519 1350 Proteus
528 1304 639 1348 'omne
660 1327 767 1362 pecus

106 1370 300 1418 Neptuni,
332 1369 466 1419 phocas
487 1368 625 1415 (Nerei
637 1369 769 1420 fimum

107 1430 215 1475 pecus
237 1426 366 1462 eodem
396 1427 496 1462 sensu
516 1425 660 1461 dixerat
678 1426 766 1461 Liv.

108 1481 365 1524 Andronicum
413 1496 453 1518 v.
488 1482 646 1519 Scriver.
682 1482 768 1519 Col-

107 1536 191 1574 lect.
224 1539 357 1590 fragm.
391 1547 484 1590 trag.
514 1552 550 1587 p.
588 1542 652 1587 1.)
691 1542 767 1587 egit

62 1595 64 1600 ’
106 1593 231 1643 visere,
261 1607 397 1646 graece,
426 1607 507 1644 pro,
537 1604 580 1630 ut
593 1596 765 1634 viserent,

109 1655 147 1686 'et
186 1650 258 1686 hoc
299 1652 452 1702 gravius
489 1663 558 1700 pro
599 1651 766 1700 fimplici,

107 1707 188 1758 egit
206 1707 248 1742 in
267 1706 359 1743 altos
382 1717 539 1743 montes.
596 1709 695 1744 Nam
718 1710 769 1743 vi-

102 1761 184 1812 sere
202 1763 328 1798 innuit
348 1763 531 1811 stuporem
551 1763 767 1798 animalium

108 1819 322 1870 peregrina,
361 1818 500 1867 sibique
529 1819 657 1870 ignota
688 1818 767 1854 loca

107 1874 391 1924 pererrantium.
439 1875 498 1910 Sic
527 1877 593 1919 111.
626 1882 664 1923 4.
699 1884 764 1919 53.

113 1930 237 1980 Visam
258 1930 448 1968 Britannos
481 1930 680 1980 hospitibus
703 1930 766 1980 fe·

106 2001 189 2027 ros,
229 1997 266 2023 et
298 1985 413 2024 ovid.
445 1989 538 2023 Met.
571 1989 634 2026 IV.
672 1994 764 2036 294.

107 2044 248 2092 ignotis
275 2056 391 2084 errare
421 2045 528 2083 locis,
558 2046 685 2092 ignota
715 2047 765 2079 vi-

641 2102 765 2137 Caetc*

106 2163 194 2191 'rum
234 2157 352 2191 maior
390 2157 506 2207 gratia
546 2169 586 2191 ac
625 2157 765 2192 veritas

74 2237 83 2247 .
103 2211 194 2256 huic
213 2206 455 2262 phantasmati
475 2213 634 2252 accedit,
664 2211 765 2262 quod

105 2266 234 2304 beluae
267 2269 449 2308 marinae,
489 2270 583 2304 mari
606 2280 768 2305 commo-

107 2330 169 2364 to,
208 2338 228 2361 e
248 2318 367 2360 'fundo
388 2325 526 2360 excitae
555 2326 596 2360 iu
623 2326 770 2375 superfi-

0 2379 10 2424 ’,
27 2403 45 2427 g
106 2381 161 2416 uie
181 2382 260 2416 eiu}
283 2395 455 2430 apparere
477 2381 623 2416 soleant.
663 2396 702 2418 v.
724 2382 769 2416 ad

51 2456 55 2464 «
106 2438 137 2473 1.
162 2447 198 2482 5.
215 2444 346 2483 18.—
369 2437 523 2487 Piscium
543 2451 657 2486 genus
677 2439 770 2473 anti-

0 2498 25 2508 “’
45 2523 48 2530 ,
75 2500 78 2506 ’
104 2505 183 2542 quo
203 2495 376 2534 sermone,
407 2504 452 2530 ut
464 2495 634 2530 Lucretii
654 2508 767 2544 genus

104 2550 291 2599 aligerum,
312 2549 590 2601 squamigerum,
619 2554 648 2587 I.
676 2551 764 2595 163.

104 2618 235 2661 genum
248 2619 480 2657 aequoreum,
527 2607 663 2660 virgil.
697 2609 763 2644 Ge.

103 2663 172 2698 111.
187 2669 279 2711 243.
300 2662 405 2711 φῦλα
422 2662 549 2700 πόντου
572 2665 612 2699 iu
631 2665 763 2716 fragm.

107 2719 238 2780 Effip·
295 2720 394 2770 apud
438 2720 593 2763 Valkeu.
641 2723 765 2759 Diatr.

671 402 848 454 Visere
884 412 1108 461 montes,
1130 408 1131 411 ’

1251 490 1482 543 Piscium.

820 656 857 691 p.
877 648 964 690 147.
988 636 1172 691 οἷλῖτροφοι
1188 637 1304 688 φῦλα,
1318 639 1478 688 Oppiam.

821 698 907 733 Hal.
937 700 966 732 Ι.
999 698 1064 745 96.
1106 696 1217 746 haefit
1241 695 1477 744 impeditum,

814 752 960 800 summa
981 754 1098 790 ulmo,
1128 751 1278 787 summis
1302 750 1477 786 arborum

821 806 1094 847 cactunhiibus;
1142 807 1256 840 Pisces
1289 818 1365 840 uon
1395 807 1477 841 satis

817 861 936 898 libero
966 872 1094 897 natatu
1116 861 1343 913 gaudebant,
1375 861 1479 896 arbo-

815 931 902 954 rum
922 919 1032 953 ramis
1044 918 1228 966 impediti.
1264 917 1383 966 sedes,
1412 930 1479 953 no-

815 974 943 1010 biiiori
953 974 1147 1014 vocabulo,
1170 974 1215 1010 de
1226 973 1323 1010 nidis
1335 974 1476 1010 avium.

814 1043 920 1071 noca,
952 1033 1143 1070 consueta,
1198 1030 1359 1079 propria.
1417 1030 1477 1066 Sic

814 1087 910 1139 noffe
931 1087 1092 1122 dicimur
1111 1089 1202 1126 loca,
1230 1099 1322 1135 quae
1333 1085 1476 1121 inhabi-

814 1153 946 1184 tamus,
971 1157 1010 1179 ν.
1022 1142 1209 1180 Drdkenb.
1222 1143 1266 1178 ad
1277 1141 1340 1178 Sil.
1352 1144 1473 1181 XVII.

814 1211 879 1235 22.
928 1203 1058 1237 Burm.
1091 1200 1134 1234 ad
1159 1202 1269 1247 Prop.
1302 1200 1331 1234 Ῐ.
1365 1198 1400 1235 6.
1441 1213 1474 1234 1.

812 1258 872 1293 Sic
903 1259 979 1293 noti
1009 1258 1131 1293 vultus
1160 1257 1200 1291 in
1221 1254 1357 1307 Virgil.
1382 1257 1474 1291 Aen.

813 1315 842 1349 1.
879 1313 971 1361 684.
1003 1315 1086 1350 sunt
1116 1312 1282 1363 proprii,
1312 1313 1386 1351 sui,
1416 1312 1477 1348 uti

815 1371 956 1419 optime
985 1373 1106 1417 Heyu.
1150 1368 1338 1406 Columbas
1366 1378 1475 1418 poeta

812 1428 957 1475 posuit,
999 1439 1067 1475 pro
1100 1425 1308 1475 palumbis,
1358 1436 1475 1477 genus

811 1496 881 1532 pro
902 1483 1028 1532 specie.
1057 1496 1094 1518 v.
1117 1481 1218 1520 Obff.
1245 1502 1301 1509 --
1341 1482 1475 1518 Damas

811 1541 991 1578 nominat,
1012 1538 1113 1587 quod
1137 1552 1196 1574 eae
1209 1537 1392 1574 altiffimas
1412 1551 1473 1573 ru-

811 1609 875 1646 pes
916 1595 1145 1635 inhabitent,
1204 1594 1340 1643 quibus
1384 1593 1474 1629 adeo

812 1667 944 1702 aequor
965 1652 1083 1687 undae
1106 1651 1354 1701 superiectae,
1384 1651 1474 1685 effu-

813 1711 867 1744 sae
888 1718 991 1744 erant
1012 1709 1053 1743 in
1074 1721 1152 1747 eas,
1192 1719 1281 1755 quas
1302 1719 1394 1754 aqua
1417 1719 1473 1741 co-

810 1774 1015 1813 operuerat.
1031 1784 1086 1791 —
1111 1773 1292 1802 natarunt,
1305 1763 1474 1811 abreptae

811 1822 897 1857 sunt
910 1820 1030 1860 undis,
1051 1819 1148 1854 nihil
1164 1818 1334 1868 amplius.
1374 1819 1474 1854 Hine

810 1877 988 1926 pavidae,
1027 1889 1112 1912 cum
1145 1875 1305 1918 dilectu3
1344 1877 1407 1910 etfi
1435 1884 1474 1910 et

811 1933 898 1968 afias
927 1933 1000 1968 hoc
1030 1932 1222 1982 epitheton
1250 1931 1296 1966 de
1327 1931 1373 1966 iis
1401 1931 1472 1967 fre-

811 1999 1023 2038 quentetur,
1051 1988 1286 2038 ipsarumque
1300 1995 1469 2023 naturam

811 2046 1007 2094 exprimat.
1066 2048 1217 2081 Montes
1236 2044 1355 2096 igitur
1380 2043 1472 2079 altis-

811 2104 917 2138 simos
938 2099 1126 2137 diluvium
1150 2101 1242 2136 istud
1275 2101 1472 2149 occupasse,

812 2158 963 2194 uberius
982 2158 1040 2194 his
1066 2171 1131 2194 vv.
1155 2159 1323 2206 exposuit
1352 2167 1470 2206 poetas,

812 2225 849 2250 et
868 2215 1020 2264 quidem
1050 2214 1194 2263 speciali
1214 2215 1367 2262 piscium
1381 2239 1390 2253 ‚
1420 2214 1475 2248 fil-

811 2272 893 2311 vis,
924 2271 1088 2319 adeoque
1110 2270 1262 2309 summis
1285 2270 1472 2305 montium
1519 2270 1525 2272 “

805 2326 911 2379 iugis
930 2327 1192 2366 innatantium,
1212 2336 1248 2362 et
1267 2326 1471 2365 damarum.

813 2385 923 2419 undis
944 2384 1191 2433 abreptarum,
1218 2383 1391 2434 imagine.
1430 2385 1474 2417 Iu

812 2440 871 2476 his
884 2442 976 2480 sane,
1000 2453 1066 2490 per
1087 2441 1120 2476 [e
1141 2438 1383 2479 consideratis,
1417 2440 1483 2473 ui·-

812 2496 870 2532 hil
889 2497 1025 2537 video,
1063 2495 1163 2545 quod
1182 2495 1383 2531 Horatium
1412 2495 1472 2530 de-

811 2553 947 2588 deceat.
1003 2552 1163 2588 Plurimi
1184 2562 1304 2587 tamen
1331 2553 1471 2600 intpp„

809 2609 1013 2659 Porphyrii
1039 2610 1136 2648 fere,
1174 2608 1291 2654 (forte
1310 2618 1346 2644 et
1367 2611 1473 2644 Sene-

812 2679 872 2701 cae
900 2668 988 2703 Nat.
1022 2668 1093 2714 Qu.
1126 2667 1191 2701 111.
1225 2675 1289 2709 27.
1337 2664 1472 2702 Ovidii

810 2721 1002 2762 luxuriem
1020 2723 1060 2759 in
1079 2721 1146 2759 isto
1172 2721 1286 2770 (Met.
1305 2724 1335 2760 Ι.
1356 2724 1472 2769 504.)

1396 2778 1473 2814 Nat
