1578 3126
146 209 255 242 >11:11
389 215 395 223 ”
578 211 660 241 DE
717 212 1065 245 uonAlel.

261 322 268 328 ·
281 322 314 330 -...
322 325 342 331 -
349 316 1225 340 „m
1232 323 1388 338 -p--sswu
1398 327 1416 339 -·.

754 604 850 640 DE

151 707 625 766 -HORATII
711 661 1445 775 EDI'rIONravs.

135 951 314 1049 Quum
335 978 649 1030 praestantiores
679 976 763 1016 fere
794 978 1006 1031 scriptores
1040 989 1224 1028 veteres,
1277 983 1327 1022 ad
1357 997 1459 1038 quos

131 1046 388 1085 illustrandos
404 1043 767 1095 emendandosque
782 1048 810 1084 V
818 1047 866 1083 iri
887 1047 999 1084 docti
1010 1045 1108 1084 inde
1119 1047 1167 1086 ab
1190 1049 1360 1090 inventa
1375 1060 1458 1090 arte

130 1111 427 1164 typographica
446 1110 630 1148 certatim
652 1109 779 1148 studia
803 1110 869 1150 sua
895 1112 1129 1158 contulere,
1170 1113 1338 1168 singulis
1370 1127 1458 1169 pro·
1495 1140 1498 1141 ν

131 1178 362 1231 pemodum
383 1177 499 1214 annis
518 1176 631 1226 plura
659 1177 791 1226 praela
819 1178 1096 1223 exercuerint,
1139 1180 1228 1218 fieri
1248 1182 1317 1220 vix
1346 1182 1457 1234 poffe

130 1242 338 1288 existimo,
372 1251 419 1280 ut
438 1243 626 1280 lectionis
647 1239 717 1281 seu
736 1250 892 1289 textus,
925 1257 1050 1296 quem
1066 1254 1236 1290 vocant,
1277 1248 1456 1303 'origines

129 1323 173 1349 ac
188 1309 324 1348 fontes
340 1309 460 1361 plane
483 1307 752 1360 indagentur,
782 1310 939 1348 nedum
956 1310 1082 1348 rivuli
1101 1323 1248 1352 omnes
1269 1314 1369 1354 inde
1389 1316 1457 1354 de—

126 1377 259 1420 ducti,
298 1374 591 1426 Maeandrique
620 1374 738 1412 instar
767 1375 978 1420 ludentes,
1021 1377 1304 1429 expediantur.
1356 1373 1478 1420 Fere*

127 1444 244 1481 enim
266 1442 435 1492 quisque
449 1468 459 1486 ,
495 1449 543 1478 ut
562 1440 656 1478 alias
678 1440 823 1480 cauffas
847 1451 998 1481 taceam
1012 1470 1021 1485 ,
1057 1445 1254 1483 novando
1275 1446 1455 1499 interpo-

126 1509 333 1560 landoque
355 1507 510 1559 pedum
530 1506 698 1558 vestigia
713 1534 724 1550 ‚
768 1509 1012 1559 vulpeculae
1034 1509 1174 1555 instar,
1215 1512 1350 1551 delere
1379 1513 1454 1552 stu-

87 1598 90 1601 ·
126 1575 269 1619 debat,
305 1585 548 1623 novumque
567 1572 643 1610 iter
663 1573 858 1625 ingreffus
879 1575 1012 1612 videri
1030 1575 1233 1626 cupiebat.
1302 1577 1454 1631 Quam-

124 1654 249 1692 quam
279 1640 405 1692 igitur
435 1639 671 1677 editionum
707 1638 866 1690 stirpes,
910 1639 1082 1678 familias
1117 1649 1160 1679 et
1186 1645 1465 1696 cognationes!>

125 1707 327 1744 deducere
357 1717 406 1746 ac,
432 1705 678 1757 distinguere
702 1704 993 1743 difficillimum
1023 1706 1092 1751 fit;
1123 1715 1281 1752 tamen,
1323 1717 1452 1761 quum

122 1772 202 1811 fata
222 1786 265 1811 at:
287 1767 582 1810 viciffitudines
602 1778 840 1814 contextus,
873 1785 944 1822 per
964 1780 1127 1810 tantum
1146 1777 1346 1825 teml-›ris
1379 1785 1454 1814 tra-
1475 1811 1487 1826 ,

123 1848 260 1882 ctum,
306 1838 353 1876 ad
391 1850 515 1889 quem
543 1835 627 1875 fere
659 1836 804 1890 caligat
836 1836 967 1880 visus,
1011 1840 1222 1892 propagati
1248 1841 1450 1880 rationem

122 1905 454 1955 mutationesque
473 1902 582 1942 nolle
604 1915 799 1954 perquam
821 1904 1069 1948 iucundum,
1104 1905 1154 1942 ad
1175 1905 1289 1944 crisin
1312 1916 1450 1946 autem

121 1980 229 2010 recte
251 1969 540 2009 instituendam
559 1969 786 2007 admodum
811 1969 1075 2008 neceffariutn
1095 1969 1160 2014 sit,-
1189 1975 1450 2013 committere

122 2038 260 2078 nolui,
291 2046 339 2074 ut
361 2049 482 2087 opera
499 2035 567 2073 ista
586 2036 629 2072 in
651 2035 826 2074 Horatio
845 2034 1006 2086 prorsus
1023 2036 1325 2078 defideraretnr.
1367 2040 1447 2079 Ex-

123 2112 310 2155 perturus
338 2103 483 2154 igitur,
528 2113 743 2152 quousque
771 2102 815 2138 in
843 2102 925 2140 hoc
947 2102 1119 2154 negotio
1139 2105 1331 2156 progredi
1352 2105 1446 2145 lice-

83 2176 87 2178 ’
118 2180 202 2213 ret,
237 2169 435 2219 simulque
452 2167 659 2219 pleniores
685 2168 1035 2220 accuratioresque
1063 2169 1296 2208 editionum
1325 2170 1448 2212 huius

120 2246 264 2288 poetae
292 2235 456 2272 annales
487 2230 749 2271 confecturus
775 2246 861 2278 non
892 2243 1054 2272 tantum
1084 2234 1177 2284 edd.
1204 2238 1447 2290 congeriem

119 2316 141 2341 a
165 2303 247 2342 VV.
268 2303 361 2340 DD.
391 2313 478 2339 rem
501 2300 719 2340 literariam
742 2300 987 2351 augentibus
1007 2299 1216 2354 hucusque
1227 2303 1444 2355 adgestam‚

118 2370 351 2421 amplasque
365 2395 375 2411 ‚
411 2378 508 2417 quas
528 2365 777 2404 bibliotheca
791 2366 1033 2404 Academica
1054 2365 1242 2421 Gotting.
1264 2367 1445 2419 affervjat,

119 2436 256 2486 copias
275 2432 836 2486 perlustravixdiligenterque
855 2429 1024 2476 exeuffi,
1057 2429 1131 2472 sed
1155 2435 1280 2483 etiam
1304 2434 1450 2480 libros„

121 2501 171 2539 de
218 2501 275 2539 rei
320 2499 503 2538 librariae
538 2499 775 2550 primordiis
809 2506 1083 2550 exponentes,
1135 2511 1179 2539 ac
1221 2499 1443 2540 bibliothe-

118 2579 253 2605 carum
282 2566 553 2618 insigniorum
591 2565 815 2618 catalogos,
859 2565 1060 2616 aliosque‚
1094 2565 1138 2601 in
1166 2565 1314 2616 quibus
1345 2567 1439 2617 edd.

118 2633 285 2672 Horatii
317 2632 517 2670 notitiam
554 2631 731 2683 aliquam
783 2642 1002 2671 occurrere·
1026 2631 1323 2679 memineram,
1380 2634 1443 2672 in-

1321 2698 1443 2753 spati,
