<?xml version="1.0" encoding="UTF-8"?>
<!DOCTYPE html PUBLIC "-//W3C//DTD XHTML 1.0 Transitional//EN"
    "http://www.w3.org/TR/xhtml1/DTD/xhtml1-transitional.dtd">
<html xmlns="http://www.w3.org/1999/xhtml" xml:lang="en" lang="en">
 <head>
  <title>
</title>
<meta http-equiv="Content-Type" content="text/html;charset=utf-8" />
  <meta name='ocr-system' content='tesseract 3.04.00' />
  <meta name='ocr-capabilities' content='ocr_page ocr_carea ocr_par ocr_line ocrx_word'/>
</head>
<body>
  <div class='ocr_page' id='page_1' title='image "./operahor01horauoft_0205.png"; bbox 0 0 1664 3112; ppageno 0'>
   <div class='ocr_carea' id='block_1_1' title="bbox 486 166 1398 228">
    <p class='ocr_par' dir='ltr' id='par_1_1' title="bbox 486 166 1398 228">
     <span class='ocr_line' id='line_1_1' title="bbox 486 166 1398 228; baseline -0.007 0"><span class='ocrx_word' id='word_1_1' title='bbox 486 198 523 228; x_wconf 69' lang='grc' dir='ltr'><strong>ιι</strong></span> <span class='ocrx_word' id='word_1_2' title='bbox 566 197 598 227; x_wconf 89' lang='grc'>0</span> <span class='ocrx_word' id='word_1_3' title='bbox 630 166 665 226; x_wconf 59' lang='grc' dir='ltr'><strong>’κ</strong></span> <span class='ocrx_word' id='word_1_4' title='bbox 706 195 736 226; x_wconf 75' lang='lat' dir='ltr'>A</span> <span class='ocrx_word' id='word_1_5' title='bbox 780 194 812 224; x_wconf 83' lang='lat' dir='ltr'>T</span> <span class='ocrx_word' id='word_1_6' title='bbox 857 194 876 226; x_wconf 86' lang='lat'>1</span> <span class='ocrx_word' id='word_1_7' title='bbox 917 193 951 226; x_wconf 81' lang='lat'><strong>1.</strong></span> <span class='ocrx_word' id='word_1_8' title='bbox 1235 190 1398 223; x_wconf 78' lang='lat' dir='ltr'><strong>chlx</strong></span> 
     </span>
    </p>
   </div>
   <div class='ocr_carea' id='block_1_2' title="bbox 24 307 1459 2808">
    <p class='ocr_par' dir='ltr' id='par_1_2' title="bbox 44 307 1410 845">
     <span class='ocr_line' id='line_1_2' title="bbox 46 307 1405 378; baseline -0.014 -11"><span class='ocrx_word' id='word_1_9' title='bbox 46 322 245 378; x_wconf 60' lang='lat' dir='ltr'><strong>{ipatius</strong></span> <span class='ocrx_word' id='word_1_10' title='bbox 266 319 394 360; x_wconf 85' lang='lat' dir='ltr'><strong>huius</strong></span> <span class='ocrx_word' id='word_1_11' title='bbox 413 317 515 357; x_wconf 88' lang='lat' dir='ltr'><strong>anni</strong></span> <span class='ocrx_word' id='word_1_12' title='bbox 532 315 656 355; x_wconf 88' lang='lat' dir='ltr'><strong>initio</strong></span> <span class='ocrx_word' id='word_1_13' title='bbox 679 314 724 354; x_wconf 88' lang='lat' dir='ltr'><strong>in</strong></span> <span class='ocrx_word' id='word_1_14' title='bbox 744 311 907 355; x_wconf 85' lang='lat' dir='ltr'><strong>Italiam</strong></span> <span class='ocrx_word' id='word_1_15' title='bbox 935 310 1062 352; x_wconf 85' lang='lat' dir='ltr'><strong>redit.</strong></span> <span class='ocrx_word' id='word_1_16' title='bbox 1127 307 1370 365; x_wconf 81' lang='lat' dir='ltr'>Magnam</span> <span class='ocrx_word' id='word_1_17' title='bbox 1357 323 1405 348; x_wconf 85' lang='lat' dir='ltr'><strong>m</strong></span> 
     </span>
     <span class='ocr_line' id='line_1_3' title="bbox 47 375 1404 439; baseline -0.014 -4.958"><span class='ocrx_word' id='word_1_18' title='bbox 47 393 134 435; x_wconf 81' lang='lat' dir='ltr'><strong>hoc</strong></span> <span class='ocrx_word' id='word_1_19' title='bbox 149 390 289 430; x_wconf 80' lang='lat' dir='ltr'><strong>reditu</strong></span> <span class='ocrx_word' id='word_1_20' title='bbox 306 385 594 439; x_wconf 79' lang='lat' dir='ltr'><strong>tempestatem</strong></span> <span class='ocrx_word' id='word_1_21' title='bbox 615 381 747 436; x_wconf 75' lang='lat' dir='ltr'><strong>passus</strong></span> <span class='ocrx_word' id='word_1_22' title='bbox 772 380 956 421; x_wconf 65' lang='lat' dir='ltr'><strong>creditur</strong></span> <span class='ocrx_word' id='word_1_23' title='bbox 974 379 1025 421; x_wconf 81' lang='lat' dir='ltr'><strong>ad</strong></span> <span class='ocrx_word' id='word_1_24' title='bbox 1042 375 1290 420; x_wconf 78' lang='lat' dir='ltr'><strong>Palinurum</strong></span> <span class='ocrx_word' id='word_1_25' title='bbox 1307 389 1404 430; x_wconf 88' lang='lat' dir='ltr'><strong>pro-</strong></span> 
     </span>
     <span class='ocr_line' id='line_1_4' title="bbox 44 446 1402 505; baseline -0.011 -6"><span class='ocrx_word' id='word_1_26' title='bbox 44 454 337 505; x_wconf 78' lang='lat' dir='ltr'><strong>montorium,</strong></span> <span class='ocrx_word' id='word_1_27' title='bbox 373 463 416 493; x_wconf 90' lang='lat' dir='ltr'><strong>et</strong></span> <span class='ocrx_word' id='word_1_28' title='bbox 434 453 518 494; x_wconf 83' lang='lat' dir='ltr'><strong>huc</strong></span> <span class='ocrx_word' id='word_1_29' title='bbox 543 452 628 493; x_wconf 86' lang='lat' dir='ltr'><strong>iam</strong></span> <span class='ocrx_word' id='word_1_30' title='bbox 647 447 892 490; x_wconf 82' lang='lat' dir='ltr'><strong>Scholiastes</strong></span> <span class='ocrx_word' id='word_1_31' title='bbox 918 448 1043 486; x_wconf 81' lang='lat' dir='ltr'>traxit</span> <span class='ocrx_word' id='word_1_32' title='bbox 1067 446 1208 486; x_wconf 82' lang='lat' dir='ltr'><strong>Carm.</strong></span> <span class='ocrx_word' id='word_1_33' title='bbox 1246 446 1325 485; x_wconf 81' lang='lat'><strong>111.</strong></span> <span class='ocrx_word' id='word_1_34' title='bbox 1355 451 1402 505; x_wconf 91' lang='grc'><strong>4.</strong></span> 
     </span>
     <span class='ocr_line' id='line_1_5' title="bbox 50 500 1403 580; baseline -0.01 -15"><span class='ocrx_word' id='word_1_35' title='bbox 50 534 129 578; x_wconf 72' lang='lat'><strong>28.</strong></span> <span class='ocrx_word' id='word_1_36' title='bbox 167 524 299 580; x_wconf 85' lang='lat' dir='ltr'><strong>Quod</strong></span> <span class='ocrx_word' id='word_1_37' title='bbox 320 532 465 561; x_wconf 84' lang='lat' dir='ltr'><strong>tamen</strong></span> <span class='ocrx_word' id='word_1_38' title='bbox 497 533 586 559; x_wconf 89' lang='lat' dir='ltr'><strong>non</strong></span> <span class='ocrx_word' id='word_1_39' title='bbox 608 531 714 571; x_wconf 90' lang='lat' dir='ltr'><strong>opus</strong></span> <span class='ocrx_word' id='word_1_40' title='bbox 741 500 820 562; x_wconf 80' lang='lat' dir='ltr'><strong>est,</strong></span> <span class='ocrx_word' id='word_1_41' title='bbox 863 528 962 556; x_wconf 88' lang='lat' dir='ltr'><strong>eum</strong></span> <span class='ocrx_word' id='word_1_42' title='bbox 986 517 1031 554; x_wconf 88' lang='lat' dir='ltr'><strong>in</strong></span> <span class='ocrx_word' id='word_1_43' title='bbox 1061 515 1136 555; x_wconf 92' lang='lat' dir='ltr'><strong>isto</strong></span> <span class='ocrx_word' id='word_1_44' title='bbox 1164 514 1305 554; x_wconf 87' lang='lat' dir='ltr'><strong>reditu</strong></span> <span class='ocrx_word' id='word_1_45' title='bbox 1329 525 1403 566; x_wconf 83' lang='lat' dir='ltr'><strong>po-</strong></span> 
     </span>
     <span class='ocr_line' id='line_1_6' title="bbox 48 581 1407 646; baseline -0.011 -12"><span class='ocrx_word' id='word_1_46' title='bbox 48 595 156 639; x_wconf 86' lang='lat' dir='ltr'><strong>tius,</strong></span> <span class='ocrx_word' id='word_1_47' title='bbox 190 604 315 646; x_wconf 90' lang='lat' dir='ltr'><strong>quam</strong></span> <span class='ocrx_word' id='word_1_48' title='bbox 344 589 424 629; x_wconf 87' lang='lat' dir='ltr'><strong>alio</strong></span> <span class='ocrx_word' id='word_1_49' title='bbox 455 584 669 639; x_wconf 74' lang='lat' dir='ltr'><strong>ternpore,</strong></span> <span class='ocrx_word' id='word_1_50' title='bbox 710 585 770 622; x_wconf 85' lang='lat' dir='ltr'><strong>ibi</strong></span> <span class='ocrx_word' id='word_1_51' title='bbox 796 583 1076 638; x_wconf 80' lang='lat' dir='ltr'><strong>periclitatum</strong></span> <span class='ocrx_word' id='word_1_52' title='bbox 1104 581 1196 622; x_wconf 82' lang='lat' dir='ltr'><strong>effe.</strong></span> <span class='ocrx_word' id='word_1_53' title='bbox 1243 581 1307 621; x_wconf 83' lang='lat' dir='ltr'><strong>Ad</strong></span> <span class='ocrx_word' id='word_1_54' title='bbox 1338 594 1407 620; x_wconf 86' lang='lat' dir='ltr'><strong>na·</strong></span> 
     </span>
     <span class='ocr_line' id='line_1_7' title="bbox 50 649 1408 713; baseline -0.01 -11"><span class='ocrx_word' id='word_1_55' title='bbox 50 662 165 707; x_wconf 75' lang='lat' dir='ltr'><strong>vim,</strong></span> <span class='ocrx_word' id='word_1_56' title='bbox 211 671 291 713; x_wconf 87' lang='lat' dir='ltr'><strong>qua</strong></span> <span class='ocrx_word' id='word_1_57' title='bbox 314 654 498 700; x_wconf 78' lang='lat' dir='ltr'><strong>redisset,</strong></span> <span class='ocrx_word' id='word_1_58' title='bbox 536 654 575 694; x_wconf 83' lang='lat' dir='ltr'>T</span> <span class='ocrx_word' id='word_1_59' title='bbox 576 651 806 706; x_wconf 85' lang='lat' dir='ltr'><strong>anaquillus</strong></span> <span class='ocrx_word' id='word_1_60' title='bbox 835 650 964 691; x_wconf 83' lang='lat' dir='ltr'><strong>Faber</strong></span> <span class='ocrx_word' id='word_1_61' title='bbox 991 658 1034 689; x_wconf 90' lang='lat' dir='ltr'><strong>et</strong></span> <span class='ocrx_word' id='word_1_62' title='bbox 1064 649 1262 690; x_wconf 84' lang='lat' dir='ltr'><strong>Dacerius</strong></span> <span class='ocrx_word' id='word_1_63' title='bbox 1284 662 1408 688; x_wconf 87' lang='lat' dir='ltr'><strong>carm.</strong></span> 
     </span>
     <span class='ocr_line' id='line_1_8' title="bbox 55 717 1410 780; baseline -0.01 -11"><span class='ocrx_word' id='word_1_64' title='bbox 55 731 407 780; x_wconf 65' lang='lat' dir='ltr'><strong>1.·14.traxere;</strong></span> <span class='ocrx_word' id='word_1_65' title='bbox 434 734 582 776; x_wconf 87' lang='lat' dir='ltr'><strong>parum</strong></span> <span class='ocrx_word' id='word_1_66' title='bbox 599 728 731 760; x_wconf 88' lang='lat' dir='ltr'><strong>acute.</strong></span> <span class='ocrx_word' id='word_1_67' title='bbox 765 718 860 759; x_wconf 83' lang='lat' dir='ltr'><strong>Vid.</strong></span> <span class='ocrx_word' id='word_1_68' title='bbox 882 717 1057 772; x_wconf 77' lang='lat' dir='ltr'><strong>Argum.</strong></span> <span class='ocrx_word' id='word_1_69' title='bbox 1077 717 1187 758; x_wconf 87' lang='lat' dir='ltr'><strong>illius</strong></span> <span class='ocrx_word' id='word_1_70' title='bbox 1214 717 1410 756; x_wconf 81' lang='lat' dir='ltr'><strong>carminis</strong></span> 
     </span>
     <span class='ocr_line' id='line_1_9' title="bbox 57 803 294 845; baseline -0.009 -9"><span class='ocrx_word' id='word_1_71' title='bbox 57 805 102 836; x_wconf 85' lang='lat' dir='ltr'><strong>et</strong></span> <span class='ocrx_word' id='word_1_72' title='bbox 122 810 158 836; x_wconf 78' lang='lat' dir='ltr'><strong>a.</strong></span> <span class='ocrx_word' id='word_1_73' title='bbox 183 803 294 845; x_wconf 79' lang='lat'><strong>722.</strong></span> 
     </span>
    </p>

    <p class='ocr_par' dir='ltr' id='par_1_3' title="bbox 56 832 1427 1658">
     <span class='ocr_line' id='line_1_10' title="bbox 159 832 1408 906; baseline -0.011 -3"><span class='ocrx_word' id='word_1_74' title='bbox 159 858 411 906; x_wconf 71' lang='lat' dir='ltr'><strong>Gffendebat</strong></span> <span class='ocrx_word' id='word_1_75' title='bbox 436 852 639 897; x_wconf 83' lang='lat' dir='ltr'>Horatius</span> <span class='ocrx_word' id='word_1_76' title='bbox 666 853 799 892; x_wconf 84' lang='lat' dir='ltr'>redux</span> <span class='ocrx_word' id='word_1_77' title='bbox 826 832 989 905; x_wconf 82' lang='lat' dir='ltr'><strong>patrem</strong></span> <span class='ocrx_word' id='word_1_78' title='bbox 1026 849 1069 891; x_wconf 84' lang='lat' dir='ltr'><strong>se</strong></span> <span class='ocrx_word' id='word_1_79' title='bbox 1092 851 1259 891; x_wconf 82' lang='lat' dir='ltr'><strong>absente</strong></span> <span class='ocrx_word' id='word_1_80' title='bbox 1297 863 1408 891; x_wconf 82' lang='lat' dir='ltr'><strong>mor—</strong></span> 
     </span>
     <span class='ocr_line' id='line_1_11' title="bbox 59 918 1410 980; baseline -0.01 -10"><span class='ocrx_word' id='word_1_81' title='bbox 59 941 200 975; x_wconf 86' lang='lat' dir='ltr'><strong>tunm,</strong></span> <span class='ocrx_word' id='word_1_82' title='bbox 235 938 372 980; x_wconf 83' lang='lat' dir='ltr'><strong>neque</strong></span> <span class='ocrx_word' id='word_1_83' title='bbox 390 925 585 964; x_wconf 77' lang='lat' dir='ltr'><strong>relictum</strong></span> <span class='ocrx_word' id='word_1_84' title='bbox 605 921 681 961; x_wconf 83' lang='lat' dir='ltr'><strong>fibi</strong></span> <span class='ocrx_word' id='word_1_85' title='bbox 709 919 889 960; x_wconf 87' lang='lat' dir='ltr'><strong>habebat</strong></span> <span class='ocrx_word' id='word_1_86' title='bbox 912 920 1060 959; x_wconf 68' lang='lat' dir='ltr'><strong>Larem</strong></span> <span class='ocrx_word' id='word_1_87' title='bbox 1075 948 1087 966; x_wconf 90' lang='lat'>,</span> <span class='ocrx_word' id='word_1_88' title='bbox 1130 933 1206 959; x_wconf 84' lang='lat' dir='ltr'><strong>nec</strong></span> <span class='ocrx_word' id='word_1_89' title='bbox 1227 918 1410 958; x_wconf 84' lang='lat' dir='ltr'><strong>fundum</strong></span> 
     </span>
     <span class='ocr_line' id='line_1_12' title="bbox 56 986 1412 1054; baseline -0.01 -16"><span class='ocrx_word' id='word_1_90' title='bbox 56 1007 302 1054; x_wconf 83' lang='lat' dir='ltr'><strong>paternum,</strong></span> <span class='ocrx_word' id='word_1_91' title='bbox 335 1004 420 1046; x_wconf 88' lang='lat' dir='ltr'><strong>quo</strong></span> <span class='ocrx_word' id='word_1_92' title='bbox 440 988 694 1031; x_wconf 83' lang='lat' dir='ltr'><strong>triumvirali</strong></span> <span class='ocrx_word' id='word_1_93' title='bbox 717 986 1020 1042; x_wconf 81' lang='lat' dir='ltr'><strong>proscriptione</strong></span> <span class='ocrx_word' id='word_1_94' title='bbox 1039 987 1270 1035; x_wconf 83' lang='lat' dir='ltr'><strong>exciderat3</strong></span> <span class='ocrx_word' id='word_1_95' title='bbox 1306 999 1412 1040; x_wconf 88' lang='lat' dir='ltr'><strong>quae</strong></span> 
     </span>
     <span class='ocr_line' id='line_1_13' title="bbox 56 1053 1412 1118; baseline -0.01 -12"><span class='ocrx_word' id='word_1_96' title='bbox 56 1066 123 1106; x_wconf 83' lang='lat' dir='ltr'><strong>illi</strong></span> <span class='ocrx_word' id='word_1_97' title='bbox 139 1077 190 1104; x_wconf 90' lang='lat' dir='ltr'><strong>eo</strong></span> <span class='ocrx_word' id='word_1_98' title='bbox 205 1062 357 1115; x_wconf 87' lang='lat' dir='ltr'><strong>tristior</strong></span> <span class='ocrx_word' id='word_1_99' title='bbox 374 1059 459 1118; x_wconf 78' lang='lat' dir='ltr'><strong>sors</strong></span> <span class='ocrx_word' id='word_1_100' title='bbox 475 1057 602 1098; x_wconf 87' lang='lat' dir='ltr'><strong>fuerit</strong></span> <span class='ocrx_word' id='word_1_101' title='bbox 624 1064 806 1110; x_wconf 88' lang='lat' dir='ltr'>oportet,</span> <span class='ocrx_word' id='word_1_102' title='bbox 843 1068 941 1096; x_wconf 89' lang='lat' dir='ltr'><strong>cum</strong></span> <span class='ocrx_word' id='word_1_103' title='bbox 961 1055 1191 1096; x_wconf 84' lang='lat' dir='ltr'><strong>commoda</strong></span> <span class='ocrx_word' id='word_1_104' title='bbox 1217 1064 1258 1096; x_wconf 91' lang='lat' dir='ltr'><strong>et</strong></span> <span class='ocrx_word' id='word_1_105' title='bbox 1281 1053 1412 1108; x_wconf 85' lang='lat' dir='ltr'><strong>splen-</strong></span> 
     </span>
     <span class='ocr_line' id='line_1_14' title="bbox 61 1121 1417 1178; baseline -0.009 -5"><span class='ocrx_word' id='word_1_106' title='bbox 61 1132 160 1177; x_wconf 81' lang='lat' dir='ltr'><strong>dida</strong></span> <span class='ocrx_word' id='word_1_107' title='bbox 175 1132 280 1171; x_wconf 78' lang='lat' dir='ltr'><strong>adeo</strong></span> <span class='ocrx_word' id='word_1_108' title='bbox 296 1125 445 1168; x_wconf 60' lang='lat' dir='ltr'><strong>&#39;fumet</strong></span> <span class='ocrx_word' id='word_1_109' title='bbox 450 1127 538 1167; x_wconf 83' lang='lat' dir='ltr'><strong>vita</strong></span> <span class='ocrx_word' id='word_1_110' title='bbox 560 1124 756 1178; x_wconf 80' lang='lat' dir='ltr'><strong>superior.</strong></span> <span class='ocrx_word' id='word_1_111' title='bbox 840 1124 984 1176; x_wconf 86' lang='lat' dir='ltr'><strong>Itaque</strong></span> <span class='ocrx_word' id='word_1_112' title='bbox 1013 1132 1233 1176; x_wconf 84' lang='lat' dir='ltr'><strong>paupertas</strong></span> <span class='ocrx_word' id='word_1_113' title='bbox 1263 1136 1310 1162; x_wconf 85' lang='lat' dir='ltr'><strong>ac</strong></span> <span class='ocrx_word' id='word_1_114' title='bbox 1343 1121 1417 1162; x_wconf 87' lang='lat' dir='ltr'><strong>ob·</strong></span> 
     </span>
     <span class='ocr_line' id='line_1_15' title="bbox 34 1187 1418 1252; baseline -0.007 -11.794"><span class='ocrx_word' id='word_1_115' title='bbox 34 1199 250 1245; x_wconf 78' lang='lat' dir='ltr'><strong>semitas,</strong></span> <span class='ocrx_word' id='word_1_116' title='bbox 289 1199 335 1237; x_wconf 91' lang='lat' dir='ltr'><strong>in</strong></span> <span class='ocrx_word' id='word_1_117' title='bbox 361 1193 562 1252; x_wconf 86' lang='lat' dir='ltr'><strong>generoso</strong></span> <span class='ocrx_word' id='word_1_118' title='bbox 591 1194 733 1233; x_wconf 84' lang='lat' dir='ltr'><strong>animo</strong></span> <span class='ocrx_word' id='word_1_119' title='bbox 765 1191 928 1247; x_wconf 82' lang='lat' dir='ltr'><strong>ingenii</strong></span> <span class='ocrx_word' id='word_1_120' title='bbox 953 1187 1189 1251; x_wconf 81' lang='lat' dir='ltr'><strong>artiumque</strong></span> <span class='ocrx_word' id='word_1_121' title='bbox 1220 1192 1418 1236; x_wconf 84' lang='lat' dir='ltr'><strong>nutrices,</strong></span> 
     </span>
     <span class='ocr_line' id='line_1_16' title="bbox 61 1254 1416 1322; baseline -0.009 -12"><span class='ocrx_word' id='word_1_122' title='bbox 61 1281 162 1311; x_wconf 76' lang='lat' dir='ltr'><strong>eum</strong></span> <span class='ocrx_word' id='word_1_123' title='bbox 187 1254 385 1322; x_wconf 67' lang='lat' dir='ltr'><strong>primuni*</strong></span> <span class='ocrx_word' id='word_1_124' title='bbox 399 1263 690 1317; x_wconf 84' lang='lat' dir='ltr'><strong>impulerunt,</strong></span> <span class='ocrx_word' id='word_1_125' title='bbox 734 1268 784 1299; x_wconf 90' lang='lat' dir='ltr'><strong>ut</strong></span> <span class='ocrx_word' id='word_1_126' title='bbox 815 1258 956 1300; x_wconf 81' lang='lat' dir='ltr'><strong>versus</strong></span> <span class='ocrx_word' id='word_1_127' title='bbox 984 1257 1136 1300; x_wconf 87' lang='lat' dir='ltr'><strong>faceret</strong></span> <span class='ocrx_word' id='word_1_128' title='bbox 1175 1259 1330 1313; x_wconf 85' lang='lat' dir='ltr'><strong>(Epist.</strong></span> <span class='ocrx_word' id='word_1_129' title='bbox 1362 1258 1416 1298; x_wconf 89' lang='lat'><strong>11.</strong></span> 
     </span>
     <span class='ocr_line' id='line_1_17' title="bbox 73 1327 1418 1387; baseline -0.007 -13"><span class='ocrx_word' id='word_1_130' title='bbox 73 1350 86 1375; x_wconf 83' lang='lat'><strong>1</strong></span> <span class='ocrx_word' id='word_1_131' title='bbox 102 1349 145 1377; x_wconf 81' lang='lat'><strong>1.</strong></span> <span class='ocrx_word' id='word_1_132' title='bbox 167 1342 231 1387; x_wconf 80' lang='lat'><strong>49</strong></span> <span class='ocrx_word' id='word_1_133' title='bbox 253 1329 386 1387; x_wconf 89' lang='lat' dir='ltr'><strong>sqq.);</strong></span> <span class='ocrx_word' id='word_1_134' title='bbox 420 1343 510 1370; x_wconf 87' lang='lat' dir='ltr'><strong>non</strong></span> <span class='ocrx_word' id='word_1_135' title='bbox 527 1359 539 1377; x_wconf 89' lang='lat'><strong>,</strong></span> <span class='ocrx_word' id='word_1_136' title='bbox 557 1335 650 1383; x_wconf 56' lang='lat' dir='ltr'><strong>gquo</strong></span> <span class='ocrx_word' id='word_1_137' title='bbox 671 1329 771 1367; x_wconf 77' lang='lat' dir='ltr'><strong>inde</strong></span> <span class='ocrx_word' id='word_1_138' title='bbox 794 1340 947 1381; x_wconf 78' lang='lat' dir='ltr'><strong>panem</strong></span> <span class='ocrx_word' id='word_1_139' title='bbox 969 1336 1205 1381; x_wconf 85' lang='lat' dir='ltr'><strong>quaereret,</strong></span> <span class='ocrx_word' id='word_1_140' title='bbox 1245 1327 1313 1367; x_wconf 87' lang='lat' dir='ltr'><strong>sed</strong></span> <span class='ocrx_word' id='word_1_141' title='bbox 1333 1339 1418 1380; x_wconf 89' lang='lat' dir='ltr'><strong>quo</strong></span> 
     </span>
     <span class='ocr_line' id='line_1_18' title="bbox 65 1395 1418 1450; baseline -0.007 -7"><span class='ocrx_word' id='word_1_142' title='bbox 65 1401 321 1445; x_wconf 78' lang='lat' dir='ltr'><strong>elucesceret</strong></span> <span class='ocrx_word' id='word_1_143' title='bbox 337 1412 398 1443; x_wconf 85' lang='lat' dir='ltr'><strong>ac.</strong></span> <span class='ocrx_word' id='word_1_144' title='bbox 409 1398 484 1439; x_wconf 82' lang='lat' dir='ltr'><strong>fibi</strong></span> <span class='ocrx_word' id='word_1_145' title='bbox 513 1405 771 1450; x_wconf 86' lang='lat' dir='ltr'><strong>conpararet</strong></span> <span class='ocrx_word' id='word_1_146' title='bbox 801 1405 1016 1448; x_wconf 82' lang='lat' dir='ltr'><strong>patronos.</strong></span> <span class='ocrx_word' id='word_1_147' title='bbox 1087 1396 1236 1449; x_wconf 83' lang='lat' dir='ltr'><strong>Neque</strong></span> <span class='ocrx_word' id='word_1_148' title='bbox 1273 1395 1418 1440; x_wconf 82' lang='lat' dir='ltr'><strong>video,</strong></span> 
     </span>
     <span class='ocr_line' id='line_1_19' title="bbox 65 1462 1423 1535; baseline -0.007 -24"><span class='ocrx_word' id='word_1_149' title='bbox 65 1469 281 1535; x_wconf 48' lang='lat' dir='ltr'><strong>Quomodo</strong></span> <span class='ocrx_word' id='word_1_150' title='bbox 307 1468 388 1508; x_wconf 89' lang='lat' dir='ltr'><strong>hoc</strong></span> <span class='ocrx_word' id='word_1_151' title='bbox 421 1467 483 1506; x_wconf 85' lang='lat' dir='ltr'><strong>illi</strong></span> <span class='ocrx_word' id='word_1_152' title='bbox 525 1465 755 1519; x_wconf 79' lang='lat' dir='ltr'><strong>opprobrio</strong></span> <span class='ocrx_word' id='word_1_153' title='bbox 796 1464 867 1510; x_wconf 86' lang='lat' dir='ltr'><strong>fit,</strong></span> <span class='ocrx_word' id='word_1_154' title='bbox 929 1477 1027 1503; x_wconf 86' lang='lat' dir='ltr'><strong>cum</strong></span> <span class='ocrx_word' id='word_1_155' title='bbox 1063 1464 1243 1508; x_wconf 82' lang='lat' dir='ltr'><strong>constet,</strong></span> <span class='ocrx_word' id='word_1_156' title='bbox 1301 1462 1423 1503; x_wconf 81' lang='lat' dir='ltr'><strong>omni</strong></span> 
     </span>
     <span class='ocr_line' id='line_1_20' title="bbox 65 1530 1427 1588; baseline -0.007 -9"><span class='ocrx_word' id='word_1_157' title='bbox 65 1537 270 1586; x_wconf 74' lang='lat' dir='ltr'><strong>memoria</strong></span> <span class='ocrx_word' id='word_1_158' title='bbox 288 1537 332 1580; x_wconf 86' lang='lat' dir='ltr'><strong>in</strong></span> <span class='ocrx_word' id='word_1_159' title='bbox 351 1535 440 1575; x_wconf 90' lang='lat' dir='ltr'><strong>aliis</strong></span> <span class='ocrx_word' id='word_1_160' title='bbox 458 1535 584 1574; x_wconf 86' lang='lat' dir='ltr'><strong>etiam</strong></span> <span class='ocrx_word' id='word_1_161' title='bbox 606 1531 830 1588; x_wconf 75' lang='lat' dir='ltr'><strong>generibus</strong></span> <span class='ocrx_word' id='word_1_162' title='bbox 849 1530 966 1572; x_wconf 88' lang='lat' dir='ltr'><strong>sensu</strong></span> <span class='ocrx_word' id='word_1_163' title='bbox 983 1533 1235 1586; x_wconf 82' lang='lat' dir='ltr'><strong>paupertatis</strong></span> <span class='ocrx_word' id='word_1_164' title='bbox 1246 1543 1427 1586; x_wconf 55' lang='lat' dir='ltr'><strong>magnos*</strong></span> 
     </span>
     <span class='ocr_line' id='line_1_21' title="bbox 66 1599 1426 1658; baseline -0.006 -12"><span class='ocrx_word' id='word_1_165' title='bbox 66 1604 183 1658; x_wconf 64' lang='lat' dir='ltr'><strong>viros</strong></span> <span class='ocrx_word' id='word_1_166' title='bbox 214 1602 400 1650; x_wconf 82' lang='lat' dir='ltr'><strong>evafiffe3</strong></span> <span class='ocrx_word' id='word_1_167' title='bbox 442 1615 676 1657; x_wconf 83' lang='lat' dir='ltr'><strong>magnaque</strong></span> <span class='ocrx_word' id='word_1_168' title='bbox 702 1601 893 1657; x_wconf 80' lang='lat' dir='ltr'><strong>ingenia,</strong></span> <span class='ocrx_word' id='word_1_169' title='bbox 957 1601 1060 1640; x_wconf 88' lang='lat' dir='ltr'><strong>dum</strong></span> <span class='ocrx_word' id='word_1_170' title='bbox 1089 1601 1268 1641; x_wconf 76' lang='lat' dir='ltr'><strong>adverfis</strong></span> <span class='ocrx_word' id='word_1_171' title='bbox 1299 1599 1426 1639; x_wconf 85' lang='lat' dir='ltr'><strong>rebus</strong></span> 
     </span>
    </p>

    <p class='ocr_par' dir='ltr' id='par_1_4' title="bbox 43 1664 1426 1726">
     <span class='ocr_line' id='line_1_22' title="bbox 43 1664 1426 1726; baseline -0.007 -13"><span class='ocrx_word' id='word_1_172' title='bbox 43 1664 353 1725; x_wconf 14' lang='lat' dir='ltr'><strong>*obnitantunr</strong></span> <span class='ocrx_word' id='word_1_173' title='bbox 375 1670 458 1710; x_wconf 90' lang='lat' dir='ltr'><strong>hoc</strong></span> <span class='ocrx_word' id='word_1_174' title='bbox 487 1669 576 1726; x_wconf 85' lang='lat' dir='ltr'><strong>ipso</strong></span> <span class='ocrx_word' id='word_1_175' title='bbox 612 1667 703 1707; x_wconf 83' lang='lat' dir='ltr'><strong>nisu</strong></span> <span class='ocrx_word' id='word_1_176' title='bbox 732 1669 778 1707; x_wconf 88' lang='lat' dir='ltr'><strong>in</strong></span> <span class='ocrx_word' id='word_1_177' title='bbox 803 1669 938 1707; x_wconf 80' lang='lat' dir='ltr'><strong>altum</strong></span> <span class='ocrx_word' id='word_1_178' title='bbox 971 1669 1131 1708; x_wconf 79' lang='lat' dir='ltr'><strong>extolli.</strong></span> <span class='ocrx_word' id='word_1_179' title='bbox 1201 1668 1352 1708; x_wconf 84' lang='lat' dir='ltr'><strong>Fuerat</strong></span> <span class='ocrx_word' id='word_1_180' title='bbox 1380 1668 1426 1705; x_wconf 84' lang='lat' dir='ltr'><strong>in</strong></span> 
     </span>
    </p>

    <p class='ocr_par' dir='ltr' id='par_1_5' title="bbox 24 1726 1459 2127">
     <span class='ocr_line' id='line_1_23' title="bbox 68 1726 1429 1793; baseline -0.006 -11"><span class='ocrx_word' id='word_1_181' title='bbox 68 1726 503 1793; x_wconf 80' lang='lat' dir='ltr'><strong>Horatiomagnum&#39;</strong></span> <span class='ocrx_word' id='word_1_182' title='bbox 491 1737 714 1792; x_wconf 79' lang='lat' dir='ltr'><strong>ingenium</strong></span> <span class='ocrx_word' id='word_1_183' title='bbox 733 1737 974 1788; x_wconf 78' lang='lat' dir='ltr'><strong>poeticum,</strong></span> <span class='ocrx_word' id='word_1_184' title='bbox 1009 1735 1224 1775; x_wconf 86' lang='lat' dir='ltr'><strong>subactum</strong></span> <span class='ocrx_word' id='word_1_185' title='bbox 1251 1735 1429 1775; x_wconf 84' lang='lat' dir='ltr'><strong>Graeco-</strong></span> 
     </span>
     <span class='ocr_line' id='line_1_24' title="bbox 50 1801 1430 1871; baseline -0.006 -23"><span class='ocrx_word' id='word_1_186' title='bbox 50 1819 198 1871; x_wconf 19' lang='lat' dir='ltr'><strong>*rum</strong></span> <span class='ocrx_word' id='word_1_187' title='bbox 198 1805 504 1851; x_wconf 81' lang='lat' dir='ltr'><strong>familiaritate3</strong></span> <span class='ocrx_word' id='word_1_188' title='bbox 560 1803 644 1842; x_wconf 86' lang='lat' dir='ltr'><strong>hoc</strong></span> <span class='ocrx_word' id='word_1_189' title='bbox 689 1802 869 1842; x_wconf 75' lang='lat' dir='ltr'><strong>suscitari</strong></span> <span class='ocrx_word' id='word_1_190' title='bbox 909 1805 1095 1866; x_wconf 79' lang='lat' dir='ltr'><strong>primum</strong></span> <span class='ocrx_word' id='word_1_191' title='bbox 1139 1804 1211 1843; x_wconf 87' lang='lat' dir='ltr'><strong>tali</strong></span> <span class='ocrx_word' id='word_1_192' title='bbox 1246 1801 1430 1855; x_wconf 83' lang='lat' dir='ltr'><strong>impulsu</strong></span> 
     </span>
     <span class='ocr_line' id='line_1_25' title="bbox 74 1869 1459 1930; baseline -0.005 -14"><span class='ocrx_word' id='word_1_193' title='bbox 74 1874 312 1930; x_wconf 71' lang='lat' dir='ltr'><strong>oportebat.</strong></span> <span class='ocrx_word' id='word_1_194' title='bbox 380 1873 649 1928; x_wconf 80' lang='lat' dir='ltr'><strong>Quamquam</strong></span> <span class='ocrx_word' id='word_1_195' title='bbox 675 1884 800 1915; x_wconf 82' lang='lat' dir='ltr'><strong>eum,</strong></span> <span class='ocrx_word' id='word_1_196' title='bbox 845 1869 948 1909; x_wconf 85' lang='lat' dir='ltr'><strong>dum</strong></span> <span class='ocrx_word' id='word_1_197' title='bbox 984 1870 1161 1911; x_wconf 83' lang='lat' dir='ltr'><strong>Athenis</strong></span> <span class='ocrx_word' id='word_1_198' title='bbox 1197 1883 1431 1911; x_wconf 83' lang='lat' dir='ltr'><strong>commora-</strong></span> <span class='ocrx_word' id='word_1_199' title='bbox 1458 1886 1459 1890; x_wconf 53' lang='lat'>¹</span> 
     </span>
     <span class='ocr_line' id='line_1_26' title="bbox 74 1937 1434 1991; baseline -0.004 -9"><span class='ocrx_word' id='word_1_200' title='bbox 74 1953 214 1990; x_wconf 86' lang='lat' dir='ltr'><strong>retur,</strong></span> <span class='ocrx_word' id='word_1_201' title='bbox 247 1941 317 1981; x_wconf 88' lang='lat' dir='ltr'><strong>vel</strong></span> <span class='ocrx_word' id='word_1_202' title='bbox 337 1949 457 1981; x_wconf 87' lang='lat' dir='ltr'><strong>antea</strong></span> <span class='ocrx_word' id='word_1_203' title='bbox 475 1939 602 1984; x_wconf 85' lang='lat' dir='ltr'><strong>adeo,</strong></span> <span class='ocrx_word' id='word_1_204' title='bbox 635 1937 831 1978; x_wconf 82' lang='lat' dir='ltr'><strong>versuum</strong></span> <span class='ocrx_word' id='word_1_205' title='bbox 855 1937 1172 1979; x_wconf 86' lang='lat' dir='ltr'><strong>scribendorum</strong></span> <span class='ocrx_word' id='word_1_206' title='bbox 1199 1939 1434 1991; x_wconf 84' lang='lat' dir='ltr'><strong>periculum</strong></span> 
     </span>
     <span class='ocr_line' id='line_1_27' title="bbox 75 2001 1433 2063; baseline -0.004 -12"><span class='ocrx_word' id='word_1_207' title='bbox 75 2013 158 2051; x_wconf 86' lang='lat' dir='ltr'><strong>iam</strong></span> <span class='ocrx_word' id='word_1_208' title='bbox 178 2001 314 2050; x_wconf 69' lang='lat' dir='ltr'><strong>feciss‘e</strong></span> <span class='ocrx_word' id='word_1_209' title='bbox 334 2022 356 2048; x_wconf 91' lang='lat' dir='ltr'><strong>e</strong></span> <span class='ocrx_word' id='word_1_210' title='bbox 375 2008 562 2062; x_wconf 71' lang='lat' dir='ltr'><strong>Ser1n.1.</strong></span> <span class='ocrx_word' id='word_1_211' title='bbox 592 2019 665 2046; x_wconf 89' lang='lat'><strong>10.</strong></span> <span class='ocrx_word' id='word_1_212' title='bbox 690 2015 764 2058; x_wconf 76' lang='lat'><strong>31.</strong></span> <span class='ocrx_word' id='word_1_213' title='bbox 789 2006 899 2044; x_wconf 82' lang='lat' dir='ltr'><strong>haud</strong></span> <span class='ocrx_word' id='word_1_214' title='bbox 924 2005 1096 2047; x_wconf 83' lang='lat' dir='ltr'><strong>absurde</strong></span> <span class='ocrx_word' id='word_1_215' title='bbox 1119 2007 1303 2063; x_wconf 76' lang='lat' dir='ltr'><strong>collivas.</strong></span> <span class='ocrx_word' id='word_1_216' title='bbox 1336 2006 1433 2046; x_wconf 85' lang='lat' dir='ltr'><strong>Post</strong></span> 
     </span>
     <span class='ocr_line' id='line_1_28' title="bbox 24 2073 1434 2140; baseline -0.005 -20"><span class='ocrx_word' id='word_1_217' title='bbox 24 2110 50 2123; x_wconf 75' lang='grc'><strong>-,.</strong></span> <span class='ocrx_word' id='word_1_218' title='bbox 76 2088 241 2140; x_wconf 82' lang='lat' dir='ltr'><strong>autern,</strong></span> <span class='ocrx_word' id='word_1_219' title='bbox 282 2089 380 2116; x_wconf 85' lang='lat' dir='ltr'><strong>cum</strong></span> <span class='ocrx_word' id='word_1_220' title='bbox 399 2076 441 2114; x_wconf 90' lang='lat' dir='ltr'><strong>in</strong></span> <span class='ocrx_word' id='word_1_221' title='bbox 467 2076 555 2114; x_wconf 81' lang='lat' dir='ltr'><strong>otio</strong></span> <span class='ocrx_word' id='word_1_222' title='bbox 578 2073 749 2114; x_wconf 85' lang='lat' dir='ltr'><strong>honeste</strong></span> <span class='ocrx_word' id='word_1_223' title='bbox 769 2073 973 2127; x_wconf 87' lang='lat' dir='ltr'><strong>beateque</strong></span> <span class='ocrx_word' id='word_1_224' title='bbox 994 2075 1173 2130; x_wconf 79' lang='lat' dir='ltr'><strong>viveret,</strong></span> <span class='ocrx_word' id='word_1_225' title='bbox 1218 2073 1342 2114; x_wconf 88' lang='lat' dir='ltr'><strong>solius</strong></span> <span class='ocrx_word' id='word_1_226' title='bbox 1363 2073 1434 2113; x_wconf 81' lang='lat' dir='ltr'><strong>vel</strong></span> 
     </span>
    </p>

    <p class='ocr_par' dir='ltr' id='par_1_6' title="bbox 35 2140 1447 2808">
     <span class='ocr_line' id='line_1_29' title="bbox 35 2140 1434 2199; baseline -0.006 -12"><span class='ocrx_word' id='word_1_227' title='bbox 35 2175 38 2177; x_wconf 19' lang='grc' dir='ltr'><strong>Α</strong></span> <span class='ocrx_word' id='word_1_228' title='bbox 75 2147 207 2187; x_wconf 84' lang='lat' dir='ltr'><strong>animi</strong></span> <span class='ocrx_word' id='word_1_229' title='bbox 239 2153 281 2184; x_wconf 89' lang='lat' dir='ltr'><strong>et</strong></span> <span class='ocrx_word' id='word_1_230' title='bbox 309 2144 490 2199; x_wconf 82' lang='lat' dir='ltr'><strong>gloriae,</strong></span> <span class='ocrx_word' id='word_1_231' title='bbox 541 2142 611 2181; x_wconf 80' lang='lat' dir='ltr'><strong>vel</strong></span> <span class='ocrx_word' id='word_1_232' title='bbox 640 2140 799 2195; x_wconf 89' lang='lat' dir='ltr'><strong>publici</strong></span> <span class='ocrx_word' id='word_1_233' title='bbox 826 2140 920 2181; x_wconf 81' lang='lat' dir='ltr'><strong>usus</strong></span> <span class='ocrx_word' id='word_1_234' title='bbox 948 2144 1077 2196; x_wconf 83' lang='lat' dir='ltr'><strong>gratia</strong></span> <span class='ocrx_word' id='word_1_235' title='bbox 1107 2144 1290 2195; x_wconf 81' lang='lat' dir='ltr'><strong>carmina</strong></span> <span class='ocrx_word' id='word_1_236' title='bbox 1310 2141 1434 2182; x_wconf 83' lang='lat' dir='ltr'><strong>fecit.</strong></span> 
     </span>
     <span class='ocr_line' id='line_1_30' title="bbox 36 2208 1438 2264; baseline -0.004 -9"><span class='ocrx_word' id='word_1_237' title='bbox 36 2223 50 2238; x_wconf 21' lang='grc' dir='ltr'><strong>ί*</strong></span> <span class='ocrx_word' id='word_1_238' title='bbox 75 2213 196 2255; x_wconf 85' lang='lat' dir='ltr'><strong>Vitae</strong></span> <span class='ocrx_word' id='word_1_239' title='bbox 218 2211 502 2252; x_wconf 81' lang='lat' dir='ltr'><strong>sustentandae</strong></span> <span class='ocrx_word' id='word_1_240' title='bbox 525 2209 652 2248; x_wconf 71' lang='lat' dir='ltr'><strong>cantra</strong></span> <span class='ocrx_word' id='word_1_241' title='bbox 683 2208 878 2262; x_wconf 80' lang='lat' dir='ltr'><strong>scripturn</strong></span> <span class='ocrx_word' id='word_1_242' title='bbox 908 2211 1030 2249; x_wconf 88' lang='lat' dir='ltr'><strong>illum</strong></span> <span class='ocrx_word' id='word_1_243' title='bbox 1046 2209 1120 2263; x_wconf 36' lang='grc' dir='ltr'><strong>μ(Γ.</strong></span> <span class='ocrx_word' id='word_1_244' title='bbox 1149 2211 1259 2264; x_wconf 75' lang='lat' dir='ltr'><strong>quasi</strong></span> <span class='ocrx_word' id='word_1_245' title='bbox 1292 2209 1438 2249; x_wconf 75' lang='lat' dir='ltr'><strong>scriba-</strong></span> 
     </span>
     <span class='ocr_line' id='line_1_31' title="bbox 61 2277 1436 2334; baseline -0.003 -13.95"><span class='ocrx_word' id='word_1_246' title='bbox 61 2281 202 2331; x_wconf 79' lang='lat' dir='ltr'><strong>tum)</strong></span> <span class='ocrx_word' id='word_1_247' title='bbox 229 2279 531 2334; x_wconf 83' lang='lat' dir='ltr'><strong>quaestorium,</strong></span> <span class='ocrx_word' id='word_1_248' title='bbox 574 2291 701 2330; x_wconf 84' lang='lat' dir='ltr'><strong>quem</strong></span> <span class='ocrx_word' id='word_1_249' title='bbox 725 2277 952 2317; x_wconf 86' lang='lat' dir='ltr'><strong>Suetonius</strong></span> <span class='ocrx_word' id='word_1_250' title='bbox 983 2279 1108 2324; x_wconf 84' lang='lat' dir='ltr'><strong>dicit,</strong></span> <span class='ocrx_word' id='word_1_251' title='bbox 1155 2279 1228 2318; x_wconf 77' lang='lat' dir='ltr'><strong>fibi</strong></span> <span class='ocrx_word' id='word_1_252' title='bbox 1266 2291 1436 2330; x_wconf 85' lang='lat' dir='ltr'><strong>compa-</strong></span> 
     </span>
     <span class='ocr_line' id='line_1_32' title="bbox 80 2344 1439 2455; baseline -0.007 -64"><span class='ocrx_word' id='word_1_253' title='bbox 80 2345 179 2391; x_wconf 64' lang='lat' dir='ltr'><strong>ruffe</strong></span> <span class='ocrx_word' id='word_1_254' title='bbox 197 2348 392 2410; x_wconf 55' lang='lat' dir='ltr'><strong>videtum</strong></span> <span class='ocrx_word' id='word_1_255' title='bbox 412 2355 477 2405; x_wconf 61' lang='lat' dir='ltr'><strong>..Ut</strong></span> <span class='ocrx_word' id='word_1_256' title='bbox 497 2344 623 2385; x_wconf 78' lang='lat' dir='ltr'><strong>effet&#39;</strong></span> <span class='ocrx_word' id='word_1_257' title='bbox 613 2359 657 2384; x_wconf 87' lang='lat'><strong>111</strong></span> <span class='ocrx_word' id='word_1_258' title='bbox 681 2345 847 2384; x_wconf 84' lang='lat' dir='ltr'><strong>decuria</strong></span> <span class='ocrx_word' id='word_1_259' title='bbox 869 2344 1106 2391; x_wconf 81' lang='lat' dir='ltr'><strong>scribarum,</strong></span> <span class='ocrx_word' id='word_1_260' title='bbox 1131 2348 1213 2455; x_wconf 58' lang='lat' dir='ltr'><strong>gui</strong></span> <span class='ocrx_word' id='word_1_261' title='bbox 1234 2346 1439 2404; x_wconf 67' lang='lat' dir='ltr'><strong>quaestori</strong></span> 
     </span>
     <span class='ocr_line' id='line_1_33' title="bbox 60 2405 1440 2474; baseline -0.002 -19"><span class='ocrx_word' id='word_1_262' title='bbox 60 2424 340 2474; x_wconf 56' lang='lat' dir='ltr'><strong>apparerent.</strong></span> <span class='ocrx_word' id='word_1_263' title='bbox 411 2413 537 2470; x_wconf 81' lang='lat' dir='ltr'><strong>(vid.</strong></span> <span class='ocrx_word' id='word_1_264' title='bbox 563 2413 772 2470; x_wconf 69' lang='lat' dir='ltr'><strong>Wielancl.</strong></span> <span class='ocrx_word' id='word_1_265' title='bbox 792 2413 842 2452; x_wconf 88' lang='lat' dir='ltr'><strong>ad</strong></span> <span class='ocrx_word' id='word_1_266' title='bbox 873 2414 1007 2455; x_wconf 88' lang='lat' dir='ltr'><strong>Serm.</strong></span> <span class='ocrx_word' id='word_1_267' title='bbox 1041 2416 1096 2455; x_wconf 88' lang='lat'><strong>11.</strong></span> <span class='ocrx_word' id='word_1_268' title='bbox 1131 2416 1173 2455; x_wconf 95' lang='lat'><strong>6.</strong></span> <span class='ocrx_word' id='word_1_269' title='bbox 1208 2414 1284 2465; x_wconf 79' lang='lat'><strong>56.</strong></span> <span class='ocrx_word' id='word_1_270' title='bbox 1300 2415 1313 2461; x_wconf 95' lang='lat'><em>)</em></span> <span class='ocrx_word' id='word_1_271' title='bbox 1356 2405 1440 2454; x_wconf 87' lang='lat' dir='ltr'><strong>Sed</strong></span> 
     </span>
     <span class='ocr_line' id='line_1_34' title="bbox 36 2480 1443 2541; baseline -0.004 -14.78"><span class='ocrx_word' id='word_1_272' title='bbox 36 2483 271 2541; x_wconf 64' lang='lat' dir='ltr'><strong>sequenti</strong></span> <span class='ocrx_word' id='word_1_273' title='bbox 290 2493 482 2536; x_wconf 79' lang='lat' dir='ltr'><strong>tempore</strong></span> <span class='ocrx_word' id='word_1_274' title='bbox 503 2481 610 2520; x_wconf 73' lang='lat' dir='ltr'><strong>illud</strong></span> <span class='ocrx_word' id='word_1_275' title='bbox 637 2494 794 2520; x_wconf 85' lang='lat' dir='ltr'><strong>munus</strong></span> <span class='ocrx_word' id='word_1_276' title='bbox 823 2481 1045 2536; x_wconf 79' lang='lat' dir='ltr'><strong>neglexisse</strong></span> <span class='ocrx_word' id='word_1_277' title='bbox 1071 2496 1192 2527; x_wconf 87' lang='lat' dir='ltr'><strong>eum,</strong></span> <span class='ocrx_word' id='word_1_278' title='bbox 1230 2480 1349 2521; x_wconf 84' lang='lat' dir='ltr'><strong>facile</strong></span> <span class='ocrx_word' id='word_1_279' title='bbox 1379 2482 1443 2520; x_wconf 89' lang='lat' dir='ltr'><strong>in·</strong></span> 
     </span>
     <span class='ocr_line' id='line_1_35' title="bbox 85 2549 1444 2608; baseline -0.003 -16.131"><span class='ocrx_word' id='word_1_280' title='bbox 39 2551 299 2608; x_wconf 45' lang='lat' dir='ltr'><strong>fingitur.</strong></span> <span class='ocrx_word' id='word_1_281' title='bbox 342 2591 348 2596; x_wconf 82' lang='grc'><strong><em>,</em></strong></span> <span class='ocrx_word' id='word_1_282' title='bbox 369 2549 436 2593; x_wconf 82' lang='lat' dir='ltr'><strong>Cf.</strong></span> <span class='ocrx_word' id='word_1_283' title='bbox 460 2558 601 2590; x_wconf 88' lang='lat' dir='ltr'><strong>autem</strong></span> <span class='ocrx_word' id='word_1_284' title='bbox 621 2549 757 2589; x_wconf 87' lang='lat' dir='ltr'><strong>Serm.</strong></span> <span class='ocrx_word' id='word_1_285' title='bbox 775 2550 832 2589; x_wconf 76' lang='lat' dir='ltr'><strong>Ii.</strong></span> <span class='ocrx_word' id='word_1_286' title='bbox 857 2549 901 2590; x_wconf 83' lang='lat'><strong>6.</strong></span> <span class='ocrx_word' id='word_1_287' title='bbox 926 2551 1002 2601; x_wconf 84' lang='lat'><strong>56.</strong></span> <span class='ocrx_word' id='word_1_288' title='bbox 1074 2550 1183 2589; x_wconf 80' lang='lat' dir='ltr'><strong>illud</strong></span> <span class='ocrx_word' id='word_1_289' title='bbox 1207 2562 1310 2589; x_wconf 87' lang='lat' dir='ltr'><strong>vero</strong></span> <span class='ocrx_word' id='word_1_290' title='bbox 1340 2550 1444 2589; x_wconf 90' lang='lat' dir='ltr'><strong>hinc</strong></span> 
     </span>
     <span class='ocr_line' id='line_1_36' title="bbox 44 2616 1445 2678; baseline -0.004 -17"><span class='ocrx_word' id='word_1_291' title='bbox 44 2624 62 2678; x_wconf 39' lang='grc' dir='ltr'><strong><em>χ</em></strong></span> <span class='ocrx_word' id='word_1_292' title='bbox 85 2629 274 2677; x_wconf 62' lang='lat' dir='ltr'><strong>apparet,</strong></span> <span class='ocrx_word' id='word_1_293' title='bbox 309 2620 417 2659; x_wconf 86' lang='lat' dir='ltr'><strong>nulli</strong></span> <span class='ocrx_word' id='word_1_294' title='bbox 437 2618 702 2671; x_wconf 81' lang='lat' dir='ltr'><strong>superiorum</strong></span> <span class='ocrx_word' id='word_1_295' title='bbox 727 2630 936 2674; x_wconf 81' lang='lat' dir='ltr'><strong>annorum</strong></span> <span class='ocrx_word' id='word_1_296' title='bbox 965 2616 1261 2672; x_wconf 65' lang='lat' dir='ltr'><strong>assignandum</strong></span> <span class='ocrx_word' id='word_1_297' title='bbox 1278 2617 1357 2658; x_wconf 81' lang='lat' dir='ltr'><strong>else</strong></span> <span class='ocrx_word' id='word_1_298' title='bbox 1383 2617 1445 2656; x_wconf 88' lang='lat' dir='ltr'><strong>ul-</strong></span> 
     </span>
     <span class='ocr_line' id='line_1_37' title="bbox 74 2685 1447 2742; baseline -0.004 -13.065"><span class='ocrx_word' id='word_1_299' title='bbox 74 2685 175 2742; x_wconf 71' lang='lat' dir='ltr'><strong>&#39;lum</strong></span> <span class='ocrx_word' id='word_1_300' title='bbox 196 2701 361 2729; x_wconf 82' lang='lat' dir='ltr'><strong>carmen</strong></span> <span class='ocrx_word' id='word_1_301' title='bbox 384 2687 567 2729; x_wconf 82' lang='lat' dir='ltr'><strong>Horatii.</strong></span> <span class='ocrx_word' id='word_1_302' title='bbox 602 2685 714 2727; x_wconf 66' lang='lat' dir='ltr'><strong>Huic</strong></span> <span class='ocrx_word' id='word_1_303' title='bbox 732 2694 876 2726; x_wconf 80' lang='lat' dir='ltr'><strong>autem</strong></span> <span class='ocrx_word' id='word_1_304' title='bbox 894 2698 1006 2726; x_wconf 86' lang='lat' dir='ltr'><strong>anno</strong></span> <span class='ocrx_word' id='word_1_305' title='bbox 1026 2685 1239 2728; x_wconf 76' lang='lat' dir='ltr'><strong>Massonus</strong></span> <span class='ocrx_word' id='word_1_306' title='bbox 1259 2685 1447 2741; x_wconf 84' lang='lat' dir='ltr'><strong>eleganti</strong></span> 
     </span>
     <span class='ocr_line' id='line_1_38' title="bbox 820 2752 1446 2808; baseline 0 -16"><span class='ocrx_word' id='word_1_307' title='bbox 820 2769 824 2773; x_wconf 53' lang='grc'>“</span> <span class='ocrx_word' id='word_1_308' title='bbox 867 2754 881 2792; x_wconf 93' lang='lat' dir='ltr'><strong>l</strong></span> <span class='ocrx_word' id='word_1_309' title='bbox 916 2762 944 2805; x_wconf 79' lang='lat'><strong><em>5</em></strong></span> <span class='ocrx_word' id='word_1_310' title='bbox 1322 2752 1446 2808; x_wconf 76' lang='lat' dir='ltr'><strong>suspi·</strong></span> 
     </span>
    </p>
   </div>
  </div>
 </body>
</html>
