<?xml version="1.0" encoding="UTF-8"?>
<!DOCTYPE html PUBLIC "-//W3C//DTD XHTML 1.0 Transitional//EN"
    "http://www.w3.org/TR/xhtml1/DTD/xhtml1-transitional.dtd">
<html xmlns="http://www.w3.org/1999/xhtml" xml:lang="en" lang="en">
 <head>
  <title>
</title>
<meta http-equiv="Content-Type" content="text/html;charset=utf-8" />
  <meta name='ocr-system' content='tesseract 3.04.00' />
  <meta name='ocr-capabilities' content='ocr_page ocr_carea ocr_par ocr_line ocrx_word'/>
</head>
<body>
  <div class='ocr_page' id='page_1' title='image "./operahor01horauoft_0122.png"; bbox 0 0 1664 3112; ppageno 0'>
   <div class='ocr_carea' id='block_1_1' title="bbox 267 212 1189 261">
    <p class='ocr_par' dir='ltr' id='par_1_1' title="bbox 267 212 1189 261">
     <span class='ocr_line' id='line_1_1' title="bbox 267 212 1189 261; baseline -0.003 0"><span class='ocrx_word' id='word_1_1' title='bbox 267 225 466 261; x_wconf 66' lang='lat' dir='ltr'><em>mew</em></span> <span class='ocrx_word' id='word_1_2' title='bbox 703 212 791 255; x_wconf 66' lang='lat' dir='ltr'><em>nn</em></span> <span class='ocrx_word' id='word_1_3' title='bbox 855 222 1189 258; x_wconf 63' lang='lat' dir='ltr'><em>nonAvxx</em></span> 
     </span>
    </p>
   </div>
   <div class='ocr_carea' id='block_1_2' title="bbox 275 334 1610 462">
    <p class='ocr_par' dir='ltr' id='par_1_2' title="bbox 275 334 1610 462">
     <span class='ocr_line' id='line_1_2' title="bbox 372 334 1610 395; baseline -0.006 -16"><span class='ocrx_word' id='word_1_4' title='bbox 372 339 512 380; x_wconf 84' lang='lat' dir='ltr'>Huius</span> <span class='ocrx_word' id='word_1_5' title='bbox 531 337 595 378; x_wconf 78' lang='lat' dir='ltr'><em>ed.</em></span> <span class='ocrx_word' id='word_1_6' title='bbox 615 334 811 377; x_wconf 82' lang='lat' dir='ltr'>notitiam</span> <span class='ocrx_word' id='word_1_7' title='bbox 829 334 899 376; x_wconf 84' lang='lat' dir='ltr'><em>dat</em></span> <span class='ocrx_word' id='word_1_8' title='bbox 917 335 1028 378; x_wconf 83' lang='lat' dir='ltr'><em>Bibl.</em></span> <span class='ocrx_word' id='word_1_9' title='bbox 1051 337 1207 382; x_wconf 79' lang='lat' dir='ltr'><em>Horat.</em></span> <span class='ocrx_word' id='word_1_10' title='bbox 1230 351 1274 395; x_wconf 80' lang='lat' dir='ltr'><em>p.</em></span> <span class='ocrx_word' id='word_1_11' title='bbox 1309 354 1326 381; x_wconf 81' lang='grc' dir='ltr'><strong>ι</strong></span> <span class='ocrx_word' id='word_1_12' title='bbox 1339 345 1381 393; x_wconf 84' lang='grc'><em>5,</em></span> <span class='ocrx_word' id='word_1_13' title='bbox 1400 348 1449 382; x_wconf 77' lang='lat' dir='ltr'><em>ut</em></span> <span class='ocrx_word' id='word_1_14' title='bbox 1481 349 1525 382; x_wconf 63' lang='lat' dir='ltr'><em>eg</em></span> <span class='ocrx_word' id='word_1_15' title='bbox 1552 340 1610 382; x_wconf 67' lang='lat' dir='ltr'><em>[e.</em></span> 
     </span>
     <span class='ocr_line' id='line_1_3' title="bbox 275 407 467 462; baseline -0.01 -16"><span class='ocrx_word' id='word_1_16' title='bbox 275 407 467 462; x_wconf 72' lang='lat' dir='ltr'><em>quentis:</em></span> 
     </span>
    </p>
   </div>
   <div class='ocr_carea' id='block_1_3' title="bbox 376 482 1612 555">
    <p class='ocr_par' dir='ltr' id='par_1_3' title="bbox 376 482 1612 555">
     <span class='ocr_line' id='line_1_4' title="bbox 376 482 1612 555; baseline 0.003 -26"><span class='ocrx_word' id='word_1_17' title='bbox 376 490 438 554; x_wconf 53' lang='grc' dir='ltr'><em>(ι’).</em></span> <span class='ocrx_word' id='word_1_18' title='bbox 462 487 525 530; x_wconf 92' lang='grc' dir='ltr'><em>Η.</em></span> <span class='ocrx_word' id='word_1_19' title='bbox 547 487 616 530; x_wconf 88' lang='lat' dir='ltr'><em>Fl.</em></span> <span class='ocrx_word' id='word_1_20' title='bbox 636 482 719 529; x_wconf 84' lang='lat' dir='ltr'><em>Ars</em></span> <span class='ocrx_word' id='word_1_21' title='bbox 735 489 923 541; x_wconf 81' lang='lat' dir='ltr'><em>poetica,</em></span> <span class='ocrx_word' id='word_1_22' title='bbox 958 482 1169 548; x_wconf 85' lang='lat' dir='ltr'><em>sermones</em></span> <span class='ocrx_word' id='word_1_23' title='bbox 1190 488 1274 532; x_wconf 78' lang='lat' dir='ltr'><em>duo</em></span> <span class='ocrx_word' id='word_1_24' title='bbox 1303 500 1346 533; x_wconf 83' lang='lat' dir='ltr'><em>et</em></span> <span class='ocrx_word' id='word_1_25' title='bbox 1370 493 1612 555; x_wconf 68' lang='lat' dir='ltr'><em>Epistolae:</em></span> 
     </span>
    </p>
   </div>
   <div class='ocr_carea' id='block_1_4' title="bbox 272 552 1615 763">
    <p class='ocr_par' dir='ltr' id='par_1_4' title="bbox 272 552 1615 763">
     <span class='ocr_line' id='line_1_5' title="bbox 272 552 1609 610; baseline 0.003 -14"><span class='ocrx_word' id='word_1_26' title='bbox 272 570 347 610; x_wconf 85' lang='lat' dir='ltr'><em>per</em></span> <span class='ocrx_word' id='word_1_27' title='bbox 372 555 604 595; x_wconf 78' lang='lat' dir='ltr'><strong><em>Iohannem</em></strong></span> <span class='ocrx_word' id='word_1_28' title='bbox 621 555 927 609; x_wconf 60' lang='grc' dir='ltr'><em>Βνὶεαηνζίσιιηι,</em></span> <span class='ocrx_word' id='word_1_29' title='bbox 965 554 1012 596; x_wconf 88' lang='lat' dir='ltr'><em>V</em></span> <span class='ocrx_word' id='word_1_30' title='bbox 1009 557 1154 596; x_wconf 79' lang='lat' dir='ltr'><em>enetiis</em></span> <span class='ocrx_word' id='word_1_31' title='bbox 1367 552 1441 599; x_wconf 78' lang='lat' dir='ltr'><em>fol.</em></span> <span class='ocrx_word' id='word_1_32' title='bbox 1473 573 1489 598; x_wconf 90' lang='grc'><strong>1</strong></span> <span class='ocrx_word' id='word_1_33' title='bbox 1499 568 1526 610; x_wconf 83' lang='grc'><em>5</em></span> <span class='ocrx_word' id='word_1_34' title='bbox 1539 573 1555 598; x_wconf 85' lang='grc'><strong>1</strong></span> <span class='ocrx_word' id='word_1_35' title='bbox 1566 560 1609 600; x_wconf 86' lang='grc'><em>6.</em></span> 
     </span>
     <span class='ocr_line' id='line_1_6' title="bbox 373 636 1615 701; baseline 0.003 -21"><span class='ocrx_word' id='word_1_36' title='bbox 373 638 592 685; x_wconf 75' lang='lat' dir='ltr'><em>Horatius</em></span> <span class='ocrx_word' id='word_1_37' title='bbox 602 655 616 682; x_wconf 92' lang='lat'><em>.·</em></span> <span class='ocrx_word' id='word_1_38' title='bbox 655 636 890 701; x_wconf 65' lang='lat' dir='ltr'><em>imprqffum</em></span> <span class='ocrx_word' id='word_1_39' title='bbox 930 641 1164 684; x_wconf 76' lang='lat' dir='ltr'><em>Florentiae</em></span> <span class='ocrx_word' id='word_1_40' title='bbox 1189 656 1264 696; x_wconf 84' lang='lat' dir='ltr'><em>per</em></span> <span class='ocrx_word' id='word_1_41' title='bbox 1294 643 1486 684; x_wconf 81' lang='lat' dir='ltr'><em>haeredes</em></span> <span class='ocrx_word' id='word_1_42' title='bbox 1502 640 1615 685; x_wconf 68' lang='lat' dir='ltr'><em>Phi-</em></span> 
     </span>
     <span class='ocr_line' id='line_1_7' title="bbox 275 709 1614 763; baseline 0.002 -14"><span class='ocrx_word' id='word_1_43' title='bbox 275 709 382 763; x_wconf 81' lang='lat' dir='ltr'><em>lippi</em></span> <span class='ocrx_word' id='word_1_44' title='bbox 398 711 555 749; x_wconf 86' lang='lat' dir='ltr'><em>Iuntae</em></span> <span class='ocrx_word' id='word_1_45' title='bbox 1394 718 1449 762; x_wconf 86' lang='lat'><em>15</em></span> <span class='ocrx_word' id='word_1_46' title='bbox 1461 725 1477 750; x_wconf 85' lang='grc' dir='ltr'><strong><em>ι</em></strong></span> <span class='ocrx_word' id='word_1_47' title='bbox 1488 712 1531 752; x_wconf 92' lang='grc'><em>6.</em></span> <span class='ocrx_word' id='word_1_48' title='bbox 1569 718 1614 761; x_wconf 98' lang='grc'><em>8.</em></span> 
     </span>
    </p>
   </div>
   <div class='ocr_carea' id='block_1_5' title="bbox 276 795 1617 914">
    <p class='ocr_par' dir='ltr' id='par_1_5' title="bbox 276 795 1617 914">
     <span class='ocr_line' id='line_1_8' title="bbox 372 795 1617 853; baseline 0.001 -17"><span class='ocrx_word' id='word_1_49' title='bbox 372 796 561 837; x_wconf 71' lang='lat' dir='ltr'><em>Est‘haec</em></span> <span class='ocrx_word' id='word_1_50' title='bbox 579 795 699 835; x_wconf 77' lang='lat' dir='ltr'><em>tertia·</em></span> <span class='ocrx_word' id='word_1_51' title='bbox 719 796 909 841; x_wconf 89' lang='lat' dir='ltr'><em>Iuntina,</em></span> <span class='ocrx_word' id='word_1_52' title='bbox 942 807 1090 848; x_wconf 81' lang='lat' dir='ltr'>parum</span> <span class='ocrx_word' id='word_1_53' title='bbox 1108 795 1288 851; x_wconf 85' lang='lat' dir='ltr'><em>cognita.</em></span> <span class='ocrx_word' id='word_1_54' title='bbox 1357 795 1617 853; x_wconf 71' lang='lat' dir='ltr'><em>Memoratur</em></span> 
     </span>
     <span class='ocr_line' id='line_1_9' title="bbox 276 861 1000 914; baseline -0.004 -10"><span class='ocrx_word' id='word_1_55' title='bbox 276 863 322 904; x_wconf 83' lang='lat' dir='ltr'><em>in</em></span> <span class='ocrx_word' id='word_1_56' title='bbox 354 862 498 904; x_wconf 85' lang='lat' dir='ltr'><em>Catal.</em></span> <span class='ocrx_word' id='word_1_57' title='bbox 535 861 679 902; x_wconf 77' lang='lat' dir='ltr'><em>Thott.</em></span> <span class='ocrx_word' id='word_1_58' title='bbox 705 863 799 902; x_wconf 88' lang='lat' dir='ltr'>VII.</span> <span class='ocrx_word' id='word_1_59' title='bbox 825 876 866 914; x_wconf 88' lang='lat' dir='ltr'><em>p.</em></span> <span class='ocrx_word' id='word_1_60' title='bbox 892 869 1000 913; x_wconf 84' lang='lat'><strong><em>259.</em></strong></span> 
     </span>
    </p>
   </div>
   <div class='ocr_carea' id='block_1_6' title="bbox 281 945 1616 1074">
    <p class='ocr_par' dir='ltr' id='par_1_6' title="bbox 281 945 1616 1074">
     <span class='ocr_line' id='line_1_10' title="bbox 381 945 1616 1013; baseline -0.002 -23"><span class='ocrx_word' id='word_1_61' title='bbox 381 948 440 1013; x_wconf 66' lang='grc' dir='ltr'><em>ρ.</em></span> <span class='ocrx_word' id='word_1_62' title='bbox 464 948 528 992; x_wconf 90' lang='lat' dir='ltr'><em>H.</em></span> <span class='ocrx_word' id='word_1_63' title='bbox 554 948 621 991; x_wconf 88' lang='lat' dir='ltr'><em>Fl.</em></span> <span class='ocrx_word' id='word_1_64' title='bbox 647 947 836 988; x_wconf 78' lang='lat' dir='ltr'><em>odarum</em></span> <span class='ocrx_word' id='word_1_65' title='bbox 841 946 938 1004; x_wconf 82' lang='lat' dir='ltr'><em>five</em></span> <span class='ocrx_word' id='word_1_66' title='bbox 967 949 1190 988; x_wconf 84' lang='lat' dir='ltr'><em>carminum</em></span> <span class='ocrx_word' id='word_1_67' title='bbox 1214 945 1339 988; x_wconf 80' lang='lat' dir='ltr'><em>Libri</em></span> <span class='ocrx_word' id='word_1_68' title='bbox 1356 949 1426 989; x_wconf 86' lang='lat' dir='ltr'><em>lv.</em></span> <span class='ocrx_word' id='word_1_69' title='bbox 1460 949 1616 1003; x_wconf 79' lang='lat' dir='ltr'><em>Argen—</em></span> 
     </span>
     <span class='ocr_line' id='line_1_11' title="bbox 281 1009 1499 1074; baseline -0.002 -17"><span class='ocrx_word' id='word_1_70' title='bbox 281 1018 418 1071; x_wconf 84' lang='lat' dir='ltr'><em>torati</em></span> <span class='ocrx_word' id='word_1_71' title='bbox 436 1014 551 1068; x_wconf 81' lang='lat' dir='ltr'><em>apud</em></span> <span class='ocrx_word' id='word_1_72' title='bbox 570 1015 811 1055; x_wconf 82' lang='lat' dir='ltr'><em>Matthiam</em></span> <span class='ocrx_word' id='word_1_73' title='bbox 835 1015 1091 1054; x_wconf 79' lang='lat' dir='ltr'><em>Schurerium</em></span> <span class='ocrx_word' id='word_1_74' title='bbox 1118 1009 1251 1074; x_wconf 80' lang='lat' dir='ltr'><em>mense</em></span> <span class='ocrx_word' id='word_1_75' title='bbox 1272 1013 1499 1058; x_wconf 75' lang='lat' dir='ltr'><em>Februario</em></span> 
     </span>
    </p>
   </div>
   <div class='ocr_carea' id='block_1_7' title="bbox 281 1098 1621 1220">
    <p class='ocr_par' dir='ltr' id='par_1_7' title="bbox 281 1098 1621 1220">
     <span class='ocr_line' id='line_1_12' title="bbox 377 1098 1619 1155; baseline -0.001 -13"><span class='ocrx_word' id='word_1_76' title='bbox 377 1102 515 1142; x_wconf 67' lang='grc' dir='ltr'><strong>Μαίη.</strong></span> <span class='ocrx_word' id='word_1_77' title='bbox 537 1102 629 1141; x_wconf 86' lang='lat' dir='ltr'><em>Ind.</em></span> <span class='ocrx_word' id='word_1_78' title='bbox 659 1115 700 1154; x_wconf 90' lang='lat' dir='ltr'><em>p.</em></span> <span class='ocrx_word' id='word_1_79' title='bbox 722 1108 830 1153; x_wconf 78' lang='lat'>505.</span> <span class='ocrx_word' id='word_1_80' title='bbox 861 1098 1032 1142; x_wconf 81' lang='lat' dir='ltr'><em>Fabric.</em></span> <span class='ocrx_word' id='word_1_81' title='bbox 1054 1100 1163 1141; x_wconf 89' lang='lat' dir='ltr'><em>Bibl.</em></span> <span class='ocrx_word' id='word_1_82' title='bbox 1186 1102 1274 1141; x_wconf 84' lang='lat' dir='ltr'><em>Lat.</em></span> <span class='ocrx_word' id='word_1_83' title='bbox 1299 1101 1332 1141; x_wconf 90' lang='lat'><em>1.</em></span> <span class='ocrx_word' id='word_1_84' title='bbox 1351 1109 1463 1155; x_wconf 72' lang='grc'><strong>408.</strong></span> <span class='ocrx_word' id='word_1_85' title='bbox 1499 1102 1619 1141; x_wconf 85' lang='lat' dir='ltr'>Idem</span> 
     </span>
     <span class='ocr_line' id='line_1_13' title="bbox 281 1167 1621 1220; baseline -0.001 -12"><span class='ocrx_word' id='word_1_86' title='bbox 281 1168 388 1208; x_wconf 85' lang='lat' dir='ltr'><em>liber</em></span> <span class='ocrx_word' id='word_1_87' title='bbox 433 1168 597 1208; x_wconf 81' lang='lat' dir='ltr'><em>recusus</em></span> <span class='ocrx_word' id='word_1_88' title='bbox 642 1180 752 1206; x_wconf 85' lang='lat' dir='ltr'><em>anno</em></span> <span class='ocrx_word' id='word_1_89' title='bbox 802 1167 1010 1219; x_wconf 80' lang='lat' dir='ltr'><strong>sequenti,</strong></span> <span class='ocrx_word' id='word_1_90' title='bbox 1065 1168 1183 1207; x_wconf 76' lang='lat' dir='ltr'><strong>cuius</strong></span> <span class='ocrx_word' id='word_1_91' title='bbox 1217 1168 1457 1220; x_wconf 83' lang='lat' dir='ltr'><em>exemplum</em></span> <span class='ocrx_word' id='word_1_92' title='bbox 1503 1167 1621 1208; x_wconf 80' lang='lat' dir='ltr'><em>affert</em></span> 
     </span>
    </p>
   </div>
   <div class='ocr_carea' id='block_1_8' title="bbox 280 1223 1620 1357">
    <p class='ocr_par' dir='ltr' id='par_1_8' title="bbox 280 1223 1620 1357">
     <span class='ocr_line' id='line_1_14' title="bbox 282 1223 1620 1293; baseline -0.001 -18"><span class='ocrx_word' id='word_1_93' title='bbox 282 1228 543 1293; x_wconf 65' lang='lat' dir='ltr'><em>Weifltnger</em></span> <span class='ocrx_word' id='word_1_94' title='bbox 572 1235 618 1272; x_wconf 75' lang='lat' dir='ltr'><em>in</em></span> <span class='ocrx_word' id='word_1_95' title='bbox 660 1234 790 1275; x_wconf 75' lang='lat' dir='ltr'><strong>catal.</strong></span> <span class='ocrx_word' id='word_1_96' title='bbox 830 1233 1034 1273; x_wconf 85' lang='lat' dir='ltr'><em>Biblioth.</em></span> <span class='ocrx_word' id='word_1_97' title='bbox 1075 1233 1128 1274; x_wconf 88' lang='grc' dir='ltr'><em>ο.</em></span> <span class='ocrx_word' id='word_1_98' title='bbox 1166 1235 1208 1274; x_wconf 86' lang='lat' dir='ltr'><em>s.</em></span> <span class='ocrx_word' id='word_1_99' title='bbox 1244 1233 1337 1274; x_wconf 87' lang='lat' dir='ltr'><em>Joh.</em></span> <span class='ocrx_word' id='word_1_100' title='bbox 1367 1223 1620 1288; x_wconf 72' lang='lat' dir='ltr'><em>Argentinae</em></span> 
     </span>
     <span class='ocr_line' id='line_1_15' title="bbox 280 1298 1583 1357; baseline -0.002 -16"><span class='ocrx_word' id='word_1_101' title='bbox 280 1314 324 1357; x_wconf 84' lang='lat' dir='ltr'><em>p.</em></span> <span class='ocrx_word' id='word_1_102' title='bbox 350 1313 371 1343; x_wconf 84' lang='lat'>1</span> <span class='ocrx_word' id='word_1_103' title='bbox 387 1315 402 1340; x_wconf 89' lang='lat'>1</span> <span class='ocrx_word' id='word_1_104' title='bbox 414 1311 457 1341; x_wconf 78' lang='lat'><em>9..</em></span> <span class='ocrx_word' id='word_1_105' title='bbox 490 1302 670 1353; x_wconf 84' lang='lat' dir='ltr'>Vterque</span> <span class='ocrx_word' id='word_1_106' title='bbox 691 1308 831 1340; x_wconf 83' lang='lat' dir='ltr'><em>autem</em></span> <span class='ocrx_word' id='word_1_107' title='bbox 849 1298 1054 1353; x_wconf 73' lang='lat' dir='ltr'><em>express&#39;us</em></span> <span class='ocrx_word' id='word_1_108' title='bbox 1072 1313 1123 1340; x_wconf 80' lang='lat' dir='ltr'><em>ex</em></span> <span class='ocrx_word' id='word_1_109' title='bbox 1141 1300 1206 1340; x_wconf 85' lang='lat' dir='ltr'><em>ed.</em></span> <span class='ocrx_word' id='word_1_110' title='bbox 1221 1300 1357 1356; x_wconf 84' lang='lat' dir='ltr'>Lugd.</span> <span class='ocrx_word' id='word_1_111' title='bbox 1377 1313 1412 1340; x_wconf 82' lang='lat' dir='ltr'><em>a.</em></span> <span class='ocrx_word' id='word_1_112' title='bbox 1445 1313 1461 1339; x_wconf 87' lang='lat'><strong>1</strong></span> <span class='ocrx_word' id='word_1_113' title='bbox 1473 1307 1500 1350; x_wconf 87' lang='lat'><strong><em>5</em></strong></span> <span class='ocrx_word' id='word_1_114' title='bbox 1512 1314 1528 1339; x_wconf 84' lang='lat'>1</span> <span class='ocrx_word' id='word_1_115' title='bbox 1544 1314 1583 1340; x_wconf 83' lang='grc' dir='ltr'><em>ι.</em></span> 
     </span>
    </p>
   </div>
   <div class='ocr_carea' id='block_1_9' title="bbox 380 1377 1620 1447">
    <p class='ocr_par' dir='ltr' id='par_1_9' title="bbox 380 1377 1620 1447">
     <span class='ocr_line' id='line_1_16' title="bbox 380 1377 1620 1447; baseline 0 -20"><span class='ocrx_word' id='word_1_116' title='bbox 380 1384 563 1432; x_wconf 77' lang='lat' dir='ltr'><em>Horatii</em></span> <span class='ocrx_word' id='word_1_117' title='bbox 584 1386 755 1427; x_wconf 86' lang='lat' dir='ltr'><em>morales</em></span> <span class='ocrx_word' id='word_1_118' title='bbox 777 1385 984 1447; x_wconf 74' lang='lat' dir='ltr'><em>epssolae.</em></span> <span class='ocrx_word' id='word_1_119' title='bbox 1058 1385 1257 1426; x_wconf 82' lang='lat' dir='ltr'><strong><em>Coloniae</em></strong></span> <span class='ocrx_word' id='word_1_120' title='bbox 1340 1403 1345 1414; x_wconf 85' lang='grc'>·</span> <span class='ocrx_word' id='word_1_121' title='bbox 1404 1377 1540 1437; x_wconf 74' lang='grc'><strong>1516.</strong></span> <span class='ocrx_word' id='word_1_122' title='bbox 1571 1394 1620 1439; x_wconf 76' lang='lat'><em>4.</em></span> 
     </span>
    </p>
   </div>
   <div class='ocr_carea' id='block_1_10' title="bbox 283 1471 1622 1584">
    <p class='ocr_par' dir='ltr' id='par_1_10' title="bbox 283 1471 1622 1584">
     <span class='ocr_line' id='line_1_17' title="bbox 382 1471 1622 1528; baseline -0.002 -12"><span class='ocrx_word' id='word_1_123' title='bbox 382 1475 637 1528; x_wconf 88' lang='lat' dir='ltr'><strong>Exemplum</strong></span> <span class='ocrx_word' id='word_1_124' title='bbox 666 1471 846 1527; x_wconf 82' lang='lat' dir='ltr'><em>poffidet</em></span> <span class='ocrx_word' id='word_1_125' title='bbox 880 1473 990 1513; x_wconf 84' lang='lat' dir='ltr'><em>Bibl.</em></span> <span class='ocrx_word' id='word_1_126' title='bbox 1031 1472 1284 1528; x_wconf 78' lang='lat' dir='ltr'><em>Guelpherb.</em></span> <span class='ocrx_word' id='word_1_127' title='bbox 1346 1473 1487 1514; x_wconf 84' lang='lat' dir='ltr'><em>Etiam</em></span> <span class='ocrx_word' id='word_1_128' title='bbox 1521 1473 1622 1515; x_wconf 88' lang='lat' dir='ltr'><em>alibi</em></span> 
     </span>
     <span class='ocr_line' id='line_1_18' title="bbox 283 1540 698 1584; baseline -0.007 0"><span class='ocrx_word' id='word_1_129' title='bbox 283 1550 567 1584; x_wconf 82' lang='lat' dir='ltr'><em>memoratum</em></span> <span class='ocrx_word' id='word_1_130' title='bbox 591 1540 698 1581; x_wconf 83' lang='lat' dir='ltr'><em>vidi.</em></span> 
     </span>
    </p>
   </div>
   <div class='ocr_carea' id='block_1_11' title="bbox 882 1635 1021 1679">
    <p class='ocr_par' dir='ltr' id='par_1_11' title="bbox 882 1635 1021 1679">
     <span class='ocr_line' id='line_1_19' title="bbox 882 1635 1021 1679; baseline -0.007 -10"><span class='ocrx_word' id='word_1_131' title='bbox 882 1635 1021 1679; x_wconf 84' lang='lat'>1517·</span> 
     </span>
    </p>
   </div>
   <div class='ocr_carea' id='block_1_12' title="bbox 285 1709 1645 1971">
    <p class='ocr_par' dir='ltr' id='par_1_12' title="bbox 285 1709 1645 1971">
     <span class='ocr_line' id='line_1_20' title="bbox 390 1709 1624 1777; baseline -0.002 -22"><span class='ocrx_word' id='word_1_132' title='bbox 390 1712 448 1777; x_wconf 67' lang='lat' dir='ltr'><em>Q.</em></span> <span class='ocrx_word' id='word_1_133' title='bbox 475 1709 542 1755; x_wconf 88' lang='grc' dir='ltr'><em>Η.</em></span> <span class='ocrx_word' id='word_1_134' title='bbox 569 1712 637 1755; x_wconf 89' lang='lat' dir='ltr'><em>Fl.</em></span> <span class='ocrx_word' id='word_1_135' title='bbox 658 1712 894 1753; x_wconf 83' lang='lat' dir='ltr'><em>Sermonum</em></span> <span class='ocrx_word' id='word_1_136' title='bbox 918 1712 1011 1752; x_wconf 85' lang='lat' dir='ltr'><em>libri</em></span> <span class='ocrx_word' id='word_1_137' title='bbox 1030 1712 1126 1752; x_wconf 85' lang='lat' dir='ltr'><em>dzm.</em></span> <span class='ocrx_word' id='word_1_138' title='bbox 1195 1713 1503 1755; x_wconf 80' lang='lat' dir='ltr'><em>Annotationes</em></span> <span class='ocrx_word' id='word_1_139' title='bbox 1523 1726 1624 1753; x_wconf 85' lang='lat' dir='ltr'><em>non-</em></span> 
     </span>
     <span class='ocr_line' id='line_1_21' title="bbox 285 1777 1623 1832; baseline -0.002 -12"><span class='ocrx_word' id='word_1_140' title='bbox 285 1780 421 1821; x_wconf 71' lang='lat' dir='ltr'><em>nullae</em></span> <span class='ocrx_word' id='word_1_141' title='bbox 455 1782 497 1820; x_wconf 84' lang='lat' dir='ltr'><em>in</em></span> <span class='ocrx_word' id='word_1_142' title='bbox 531 1780 640 1819; x_wconf 83' lang='lat' dir='ltr'><em>calce</em></span> <span class='ocrx_word' id='word_1_143' title='bbox 675 1778 884 1824; x_wconf 82' lang='lat' dir='ltr'><em>adiectae,</em></span> <span class='ocrx_word' id='word_1_144' title='bbox 932 1780 975 1817; x_wconf 84' lang='lat' dir='ltr'><em>in</em></span> <span class='ocrx_word' id='word_1_145' title='bbox 1003 1777 1149 1831; x_wconf 80' lang='lat' dir='ltr'><em>quibus</em></span> <span class='ocrx_word' id='word_1_146' title='bbox 1190 1778 1348 1832; x_wconf 83' lang='lat' dir='ltr'><em>aliquid</em></span> <span class='ocrx_word' id='word_1_147' title='bbox 1377 1778 1623 1819; x_wconf 78' lang='lat' dir='ltr'><em>mutandum</em></span> 
     </span>
     <span class='ocr_line' id='line_1_22' title="bbox 285 1843 1626 1907; baseline -0.001 -21"><span class='ocrx_word' id='word_1_148' title='bbox 285 1846 539 1907; x_wconf 72' lang='lat' dir='ltr'><em>ostenditur,</em></span> <span class='ocrx_word' id='word_1_149' title='bbox 574 1845 639 1885; x_wconf 86' lang='lat' dir='ltr'><em>vel</em></span> <span class='ocrx_word' id='word_1_150' title='bbox 656 1858 728 1884; x_wconf 82' lang='lat' dir='ltr'><em>cur</em></span> <span class='ocrx_word' id='word_1_151' title='bbox 748 1853 953 1883; x_wconf 83' lang='lat' dir='ltr'><em>mutatum</em></span> <span class='ocrx_word' id='word_1_152' title='bbox 982 1843 1042 1902; x_wconf 83' lang='lat' dir='ltr'><em>fit</em></span> <span class='ocrx_word' id='word_1_153' title='bbox 1064 1845 1174 1884; x_wconf 84' lang='lat' dir='ltr'><em>ratio</em></span> <span class='ocrx_word' id='word_1_154' title='bbox 1205 1844 1406 1886; x_wconf 72' lang='lat' dir='ltr'><em>redditur.</em></span> <span class='ocrx_word' id='word_1_155' title='bbox 1473 1847 1626 1898; x_wconf 82' lang='lat' dir='ltr'><em>Argen-</em></span> 
     </span>
     <span class='ocr_line' id='line_1_23' title="bbox 285 1905 1645 1971; baseline -0.002 -18"><span class='ocrx_word' id='word_1_156' title='bbox 285 1915 420 1954; x_wconf 87' lang='lat' dir='ltr'><em>torati</em></span> <span class='ocrx_word' id='word_1_157' title='bbox 437 1927 488 1952; x_wconf 82' lang='lat' dir='ltr'><em>ex</em></span> <span class='ocrx_word' id='word_1_158' title='bbox 505 1911 686 1954; x_wconf 85' lang='lat' dir='ltr'><em>Aedibus</em></span> <span class='ocrx_word' id='word_1_159' title='bbox 706 1911 928 1952; x_wconf 73' lang='lat' dir='ltr'><em>Matthiae</em></span> <span class='ocrx_word' id='word_1_160' title='bbox 949 1911 1164 1951; x_wconf 76' lang='lat' dir='ltr'><em>Schurerii.</em></span> <span class='ocrx_word' id='word_1_161' title='bbox 1209 1905 1357 1971; x_wconf 65' lang='lat' dir='ltr'><em>Memfi</em></span> <span class='ocrx_word' id='word_1_162' title='bbox 1375 1912 1578 1951; x_wconf 76' lang='lat' dir='ltr'><em>Ianuario</em></span> <span class='ocrx_word' id='word_1_163' title='bbox 1639 1936 1645 1939; x_wconf 92' lang='lat'>-</span> 
     </span>
    </p>
   </div>
   <div class='ocr_carea' id='block_1_13' title="bbox 285 1983 1623 2185">
    <p class='ocr_par' dir='ltr' id='par_1_13' title="bbox 285 1983 1623 2185">
     <span class='ocr_line' id='line_1_24' title="bbox 1340 1983 1623 2033; baseline 0.007 -17"><span class='ocrx_word' id='word_1_164' title='bbox 1340 2029 1346 2033; x_wconf 30' lang='lat'>¹</span> <span class='ocrx_word' id='word_1_165' title='bbox 1403 1986 1540 2028; x_wconf 84' lang='lat'>1517.</span> <span class='ocrx_word' id='word_1_166' title='bbox 1574 1983 1623 2030; x_wconf 79' lang='grc'><em>4.</em></span> 
     </span>
     <span class='ocr_line' id='line_1_25' title="bbox 381 2063 1620 2120; baseline -0.001 -14"><span class='ocrx_word' id='word_1_167' title='bbox 381 2066 575 2118; x_wconf 78' lang='lat' dir='ltr'><em>Repetita</em></span> <span class='ocrx_word' id='word_1_168' title='bbox 604 2065 717 2105; x_wconf 88' lang='lat' dir='ltr'><em>haud</em></span> <span class='ocrx_word' id='word_1_169' title='bbox 735 2064 861 2105; x_wconf 84' lang='lat' dir='ltr'><em>dubie</em></span> <span class='ocrx_word' id='word_1_170' title='bbox 882 2077 933 2105; x_wconf 80' lang='lat' dir='ltr'><em>ex</em></span> <span class='ocrx_word' id='word_1_171' title='bbox 965 2063 1231 2120; x_wconf 79' lang='lat' dir='ltr'><em>Lugdunenfi</em></span> <span class='ocrx_word' id='word_1_172' title='bbox 1259 2064 1325 2105; x_wconf 84' lang='lat' dir='ltr'><em>ed.</em></span> <span class='ocrx_word' id='word_1_173' title='bbox 1349 2064 1449 2104; x_wconf 83' lang='lat' dir='ltr'><em>anni</em></span> <span class='ocrx_word' id='word_1_174' title='bbox 1480 2070 1620 2114; x_wconf 83' lang='lat'>1511.</span> 
     </span>
     <span class='ocr_line' id='line_1_26' title="bbox 285 2127 729 2185; baseline 0 -13"><span class='ocrx_word' id='word_1_175' title='bbox 285 2144 383 2173; x_wconf 82' lang='lat' dir='ltr'><em>cum</em></span> <span class='ocrx_word' id='word_1_176' title='bbox 411 2131 499 2185; x_wconf 84' lang='lat' dir='ltr'><em>ipso</em></span> <span class='ocrx_word' id='word_1_177' title='bbox 531 2134 671 2172; x_wconf 84' lang='lat' dir='ltr'><em>titulo.</em></span> <span class='ocrx_word' id='word_1_178' title='bbox 725 2127 729 2133; x_wconf 73' lang='grc'><em>’</em></span> 
     </span>
    </p>
   </div>
   <div class='ocr_carea' id='block_1_14' title="bbox 383 2211 1625 2283">
    <p class='ocr_par' dir='ltr' id='par_1_14' title="bbox 383 2211 1625 2283">
     <span class='ocr_line' id='line_1_27' title="bbox 383 2211 1625 2283; baseline -0.002 -24"><span class='ocrx_word' id='word_1_179' title='bbox 383 2219 442 2283; x_wconf 71' lang='grc' dir='ltr'><em>ρ.</em></span> <span class='ocrx_word' id='word_1_180' title='bbox 470 2215 532 2260; x_wconf 85' lang='grc' dir='ltr'><em>Η.</em></span> <span class='ocrx_word' id='word_1_181' title='bbox 555 2218 624 2261; x_wconf 86' lang='lat' dir='ltr'><em>Fl.</em></span> <span class='ocrx_word' id='word_1_182' title='bbox 645 2216 932 2279; x_wconf 74' lang='lat' dir='ltr'><em>Epist&#39;olarum</em></span> <span class='ocrx_word' id='word_1_183' title='bbox 955 2217 1052 2258; x_wconf 80' lang='lat' dir='ltr'><em>libri</em></span> <span class='ocrx_word' id='word_1_184' title='bbox 1077 2215 1175 2258; x_wconf 86' lang='lat' dir='ltr'><em>duo.</em></span> <span class='ocrx_word' id='word_1_185' title='bbox 1221 2211 1395 2276; x_wconf 75' lang='lat' dir='ltr'><em>Lipsiae</em></span> <span class='ocrx_word' id='word_1_186' title='bbox 1411 2228 1484 2269; x_wconf 85' lang='lat' dir='ltr'><em>per</em></span> <span class='ocrx_word' id='word_1_187' title='bbox 1503 2216 1625 2256; x_wconf 84' lang='lat' dir='ltr'><em>Iaco-</em></span> 
     </span>
    </p>
   </div>
   <div class='ocr_carea' id='block_1_15' title="bbox 283 2284 1621 2704">
    <p class='ocr_par' dir='ltr' id='par_1_15' title="bbox 283 2284 1621 2704">
     <span class='ocr_line' id='line_1_28' title="bbox 283 2284 1619 2336; baseline -0.001 -10"><span class='ocrx_word' id='word_1_188' title='bbox 283 2284 378 2326; x_wconf 81' lang='lat' dir='ltr'><em>bum</em></span> <span class='ocrx_word' id='word_1_189' title='bbox 404 2287 598 2326; x_wconf 73' lang='lat' dir='ltr'><em>Thanner</em></span> <span class='ocrx_word' id='word_1_190' title='bbox 1399 2296 1416 2321; x_wconf 84' lang='lat'>1</span> <span class='ocrx_word' id='word_1_191' title='bbox 1427 2290 1454 2333; x_wconf 88' lang='grc'><strong><em>5</em></strong></span> <span class='ocrx_word' id='word_1_192' title='bbox 1468 2296 1484 2324; x_wconf 85' lang='grc'><strong>1</strong></span> <span class='ocrx_word' id='word_1_193' title='bbox 1494 2292 1536 2332; x_wconf 91' lang='grc'><em>7.</em></span> <span class='ocrx_word' id='word_1_194' title='bbox 1573 2289 1619 2336; x_wconf 72' lang='grc'><em>4..</em></span> 
     </span>
     <span class='ocr_line' id='line_1_29' title="bbox 383 2372 946 2424; baseline -0.004 -9"><span class='ocrx_word' id='word_1_195' title='bbox 383 2372 541 2415; x_wconf 80' lang='lat' dir='ltr'>Recusa</span> <span class='ocrx_word' id='word_1_196' title='bbox 561 2386 612 2414; x_wconf 88' lang='lat' dir='ltr'><em>ex</em></span> <span class='ocrx_word' id='word_1_197' title='bbox 636 2372 703 2414; x_wconf 82' lang='lat' dir='ltr'><em>ed.</em></span> <span class='ocrx_word' id='word_1_198' title='bbox 729 2384 765 2413; x_wconf 84' lang='lat' dir='ltr'><em>a.</em></span> <span class='ocrx_word' id='word_1_199' title='bbox 805 2378 946 2424; x_wconf 82' lang='lat'>1512.</span> 
     </span>
     <span class='ocr_line' id='line_1_30' title="bbox 433 2489 1477 2542; baseline -0.003 -18"><span class='ocrx_word' id='word_1_200' title='bbox 433 2528 436 2530; x_wconf 62' lang='grc'>,</span> <span class='ocrx_word' id='word_1_201' title='bbox 892 2496 909 2523; x_wconf 82' lang='grc' dir='ltr'><strong>ι</strong></span> <span class='ocrx_word' id='word_1_202' title='bbox 920 2489 947 2534; x_wconf 90' lang='grc'><em>5</em></span> <span class='ocrx_word' id='word_1_203' title='bbox 959 2496 974 2522; x_wconf 86' lang='grc'><strong>1</strong></span> <span class='ocrx_word' id='word_1_204' title='bbox 985 2490 1029 2534; x_wconf 89' lang='grc'><em>8.</em></span> <span class='ocrx_word' id='word_1_205' title='bbox 1473 2539 1477 2542; x_wconf 13' lang='grc' dir='ltr'><strong>ἡ</strong></span> 
     </span>
     <span class='ocr_line' id='line_1_31' title="bbox 381 2565 1621 2634; baseline -0.008 -19"><span class='ocrx_word' id='word_1_206' title='bbox 381 2569 439 2634; x_wconf 66' lang='lat'><em>{7-</em></span> <span class='ocrx_word' id='word_1_207' title='bbox 466 2566 531 2614; x_wconf 90' lang='lat' dir='ltr'><em>H.</em></span> <span class='ocrx_word' id='word_1_208' title='bbox 561 2571 628 2613; x_wconf 88' lang='lat' dir='ltr'><em>Fl.</em></span> <span class='ocrx_word' id='word_1_209' title='bbox 653 2570 705 2612; x_wconf 76' lang='lat' dir='ltr'><em>de</em></span> <span class='ocrx_word' id='word_1_210' title='bbox 727 2571 830 2615; x_wconf 83' lang='lat' dir='ltr'><em>Arte</em></span> <span class='ocrx_word' id='word_1_211' title='bbox 848 2571 1016 2624; x_wconf 75' lang='lat' dir='ltr'><em>poetica</em></span> <span class='ocrx_word' id='word_1_212' title='bbox 1034 2565 1145 2611; x_wconf 75' lang='lat' dir='ltr'><em>liber.</em></span> <span class='ocrx_word' id='word_1_213' title='bbox 1215 2566 1413 2609; x_wconf 79' lang='lat' dir='ltr'><em>Coloniae</em></span> <span class='ocrx_word' id='word_1_214' title='bbox 1440 2566 1483 2607; x_wconf 84' lang='lat' dir='ltr'><em>in</em></span> <span class='ocrx_word' id='word_1_215' title='bbox 1511 2565 1621 2606; x_wconf 55' lang='lat' dir='ltr'><em>aebli·</em></span> 
     </span>
     <span class='ocr_line' id='line_1_32' title="bbox 283 2635 1620 2704; baseline -0.002 -27"><span class='ocrx_word' id='word_1_216' title='bbox 283 2635 356 2678; x_wconf 66' lang='lat' dir='ltr'><em>bus</em></span> <span class='ocrx_word' id='word_1_217' title='bbox 383 2636 671 2704; x_wconf 66' lang='lat' dir='ltr'><em>puencelianis</em></span> <span class='ocrx_word' id='word_1_218' title='bbox 1395 2646 1415 2676; x_wconf 87' lang='grc'><strong>1</strong></span> <span class='ocrx_word' id='word_1_219' title='bbox 1427 2641 1454 2684; x_wconf 87' lang='lat'><em>5</em></span> <span class='ocrx_word' id='word_1_220' title='bbox 1466 2646 1482 2675; x_wconf 87' lang='lat'>1</span> <span class='ocrx_word' id='word_1_221' title='bbox 1493 2640 1536 2685; x_wconf 87' lang='grc'><em>8.</em></span> <span class='ocrx_word' id='word_1_222' title='bbox 1572 2638 1620 2684; x_wconf 75' lang='grc'><em>4.</em></span> 
     </span>
    </p>
   </div>
   <div class='ocr_carea' id='block_1_16' title="bbox 1562 2717 1617 2781">
    <p class='ocr_par' dir='ltr' id='par_1_16' title="bbox 1562 2717 1617 2781">
     <span class='ocr_line' id='line_1_33' title="bbox 1562 2717 1617 2781; baseline 0 -22"><span class='ocrx_word' id='word_1_223' title='bbox 1562 2717 1617 2781; x_wconf 71' lang='grc' dir='ltr'><em>ρ.</em></span> 
     </span>
    </p>
   </div>
  </div>
 </body>
</html>
