1578 3126
446 177 882 234 contclnvs
938 177 1072 212 MSS»
1374 173 1432 206 XI

167 295 318 343 Codex
334 295 638 351 Mentelianus,
675 311 699 338 e
721 296 896 340 Saeculo
920 298 991 343 XI,
1014 296 1086 350 qui
1099 295 1205 335 olim
1221 294 1264 335 in
1278 294 1436 333 biblio·

67 365 275 406 thecaJo.
300 366 382 406 Iac.
406 365 604 406 Mentelii
623 365 726 413 fuit,
776 367 896 406 cuius
922 366 1124 405 lectiones
1154 363 1430 416 Marquardus

68 433 236 474 Guaiun
262 434 460 487 exemplo
483 434 687 475 editionis
722 434 905 479 Mureti,
941 434 1089 473 Vener.
1127 439 1267 482 1532.
1291 440 1335 480 ὃ.
1361 430 1433 468 ad·

63 500 247 546 leverat,
280 502 397 541 unde
420 501 646 555 adscriptae
672 506 763 540 ³unt
788 502 984 554 exemplo
1018 492 1219 540 editionis
1251 497 1432 551 Despre·

65 569 232 614 adanae,
268 566 385 624 q‘uod
412 570 457 608 in
487 569 632 610 illustri
660 569 919 609 bibliotheca
949 569 1184 608 academiae
1215 565 1433 620 Lipsiensis

63 633 266 677 servatur.
336 636 552 690 Adscripta
572 638 630 677 est
649 638 790 677 eidem
811 637 909 676 huic
933 637 1161 690 exemplari
1193 633 1432 687 Desprezia-

62 717 124 744 no
151 701 418 759 (fiotamen,
472 713 522 742 ut
551 705 778 759 diligenter
808 704 1085 758 distinguatur
1124 716 1147 742 a
1174 701 1433 742 lectionibus

15 796 22 810 2
65 771 239 813 Codicis
262 771 398 820 illius)
423 771 603 810 varietas
637 772 840 810 editionis
878 771 1039 810 nitidae
1069 769 1325 814 l'arifienfis,
1381 779 1435 807 ex

65 837 235 880 officina
263 835 495 877 vascosani.
573 838 640 877 Ex
668 838 734 878 his
779 838 1044 878 emendanda
1072 835 1188 883 sunt,
1245 849 1349 889 quae
1384 836 1432 874 in

14 891 18 901 “
64 905 246 948 Fabricii
265 904 462 945 biblioth.
487 905 556 944 lat,
575 906 661 956 (ed.
684 903 813 958 nov.)
841 906 894 945 T.
920 906 953 945 1.
977 918 1019 958 p.
1039 914 1152 957 409-
1183 905 1434 948 mauman

62 973 203 1013 abiet
221 973 374 1012 dicitur
394 973 466 1013 ille
488 973 622 1013 codex
647 973 932 1016 Mentelianue
953 973 1152 1012 Lambini
1174 973 1277 1012 olim
1298 969 1432 1015 fuiffe,

62 1041 180 1096 quod
198 1039 345 1080 falsum
368 1040 438 1080 est.
509 1042 544 1081 Ι.
570 1049 645 1092 28.
671 1043 724 1083 6:
760 1051 836 1094 51.
869 1049 949 1091 18:
1001 1050 1077 1092 57.
1102 1048 1176 1091 28.
1201 1041 1257 1079 ΙΙ.
1283 1048 1324 1091 5.
1355 1052 1371 1077 1
1390 1052 1429 1078 1.

172 1108 347 1149 Codices
369 1102 608 1169 Lipfienses
628 1119 835 1164 quatuor,
871 1111 943 1162 qui
969 1110 1015 1148 in
1032 1108 1291 1148 bibliotheca
1319 1106 1431 1145 sena-

63 1177 172 1218 toria
191 1171 350 1230 Lipsiae
369 1175 642 1225 ass'ervantur3
676 1191 858 1231 quorum
877 1179 1038 1230 primus
1059 1176 1228 1230 (pulpit.
1246 1177 1275 1215 1.
1291 1190 1332 1214 n.
1350 1173 1431 1228 0.),

63 1244 432 1291 membranaceus,
469 1243 544 1286 fol.
568 1247 855 1299 complectens
886 1246 960 1286 CX
984 1243 1105 1290 folia,
1141 1257 1221 1283 nee
1243 1243 1432 1282 numeris

17 1315 20 1326 '
63 1325 147 1352 nec
176 1312 303 1367 fignis
333 1306 523 1353 distincta
534 1342 547 1360 ‚
604 1327 787 1367 quorum
817 1324 970 1355 octona
1005 1314 1208 1352 videntur
1241 1313 1436 1363 manipu-

61 1380 157 1421 lum
188 1378 365 1420 efficere.
434 1381 608 1436 Singula
630 1381 731 1422 folia
762 1383 979 1422 interdum
1006 1395 1028 1420 a
1056 1381 1301 1435 bibliopego
1340 1392 1434 1432 per-

10 1486 15 1494 ,
62 1456 227 1488 mutata
253 1447 362 1488 sunt.
433 1449 601 1503 Scripsit
634 1459 774 1490 totum
807 1451 900 1490 cod.
930 1463 1013 1489 una
1043 1462 1216 1493 manus,
1263 1447 1432 1488 sed‘illa

9 1504 13 1507 v
63 1515 142 1555 fibi
176 1529 266 1559 non
294 1516 507 1564 constans,
541 1532 657 1558 nunc
682 1520 863 1558 maiores
891 1530 1009 1557 nnnc
1036 1518 1223 1556 minores
1246 1518 1431 1570 pingens

63 1583 247 1630 litteras,
282 1597 388 1637 quae
404 1598 495 1625 non
513 1587 689 1638 quidem
710 1587 834 1640 plane
855 1587 980 1626 rudes
994 1614 1004 1632 ,
1041 1594 1082 1624 at
1100 1598 1238 1638 neque
1266 1584 1432 1638 elegan-

66 1659 130 1691 tes
150 1645 366 1694 dicendae.
434 1655 547 1694 Sunt
573 1667 670 1700 eae,
714 1656 843 1694 etiam
870 1654 1051 1693 initiales
1081 1652 1306 1698 versuum,
1355 1651 1434 1689 mi·

64 1717 283 1766 mffculae,
319 1721 452 1776 magis
474 1723 627 1762 latinae
648 1735 774 1775 quarn
801 1722 1008 1777 gothicae.
1076 1721 1264 1760 Initiales
1288 1720 1432 1758 carmi-

66 1800 199 1834 num,
232 1801 353 1827 more
382 1789 428 1827 in
460 1789 584 1830 MSS.
608 1789 822 1836 consulto,
875 1790 1125 1842 plerumque
1158 1787 1332 1833 desunt,
1390 1795 1434 1826 et

66 1854 220 1895 leviter
240 1863 406 1894 tantum
421 1854 518 1895 sunt
531 1858 778 1911 designatae.
817 1857 1085 1910 Compendia
1100 1870 1255 1896 vocum
1273 1855 1430 1895 crebra.

65 1923 367 1964 Atramentum
393 1924 598 1976 temporis
630 1925 907 1964 diuturnitate
936 1923 1100 1963 fuscum
1137 1923 1308 1963 factum.
1380 1924 1433 1962 In

65 1990 198 2044 primi
217 2000 262 2030 et
277 1990 421 2030 ultimi
439 1990 534 2031 folii
552 1992 750 2032 columna
765 1994 895 2046 priori
918 1993 972 2032 sic
991 1993 1150 2032 deletae
1171 1993 1345 2037 litterae,
1382 1998 1432 2030 ut

66 2058 153 2113 legi
182 2059 256 2098 vix
287 2056 469 2112 poffint3
516 2074 641 2113 quare
670 2062 832 2114 primos
861 2060 923 2100 Xl
953 2059 1094 2100 versus
1125 2061 1227 2100 odes
1260 2062 1275 2099 l
1300 2058 1431 2098 serior

11 2134 14 2175 j
65 2138 208 2179 penna
229 2127 372 2166 denuo
391 2128 574 2169 indux1t
643 2129 708 2168 Ex
728 2129 930 2168 omnibus
956 2128 1035 2173 his,
1064 2129 1250 2181 aliisque,
1280 2128 1430 2182 proba-

67 2193 181 2239 bile,
216 2194 410 2234 codicem
429 2195 544 2236 Saec.
567 2197 672 2235 XIII
694 2204 766 2236 aut
790 2197 922 2236 XIV
910 2211 954 2235 in
977 2197 1093 2236 Italia
1115 2195 1313 2250 scriptum
1333 2195 1428 2235 elle.

2 2272 13 2301 Δ.
67 2261 244 2302 Duabus
270 2263 381 2315 quali
409 2263 597 2316 partibus
620 2264 798 2311 constat,
840 2265 886 2304 in
914 2278 1092 2317 quarum
1114 2266 1270 2317 prima,
1325 2277 1431 2316 quae

0 2330 34 2374 ἐι
67 2327 196 2375 odae,
220 2329 397 2382 Epodos
417 2339 459 2370 et
480 2331 662 2371 Carmen
685 2331 784 2372 saec.
809 2334 1014 2378 continet,
1046 2333 1230 2387 singulae
1252 2332 1432 2386 paginae

0 2371 84 2450 ξι
66 2396 114 2437 in
126 2396 244 2438 binas
262 2395 468 2439 sectiones
489 2398 645 2445 divisae
663 2399 770 2445 sunt,
795 2401 1013 2453 lineaeque
1028 2401 1178 2440 ductae
1197 2409 1283 2439 tam
1302 2409 1435 2439 trans·

0 2449 41 2481 ’Ὗ
65 2463 207 2506 versae
234 2466 442 2513 XXVIII,
491 2481 617 2520 quam
643 2466 694 2507 ab
718 2477 892 2522 utraque
924 2478 1041 2522 parte
1070 2469 1121 2507 ad
1155 2468 1434 2522 perpendicu-

0 2466 203 2627 §luuh
232 2533 385 2586 quibua
414 2535 596 2575 initiales
626 2536 788 2576 litterae
825 2545 866 2576 et
902 2537 1193 2591 longitudines
1226 2537 1436 2576 linearum

69 2601 366 2643 definirentur.
440 2603 533 2643 Nec
555 2603 678 2649 libri,
711 2617 791 2644 nec
810 2605 970 2659 singula
994 2605 1176 2645 carmina
1200 2614 1432 2645 numerata.

0 2622 49 2711 ἑ
55 2664 232 2710 Paucae
252 2668 571 2725 inscriptiones,
606 2673 758 2714 rubrae
777 2673 870 2713 illae
892 2681 934 2713 et
962 2687 984 2739 a
1005 2671 1150 2714 seriori
1170 2686 1314 2714 manu.
1387 2673 1420 2712 V
1425 2680 1442 2712 t

0 2713 77 2928 Ξ
1347 2750 1445 2780 ante
