1578 3126
418 172 1049 226 PRAEFATIO.
1319 195 1417 225 xix

59 307 289 373 demque
306 305 455 356 haud
476 306 708 371 vulgaris
729 303 1008 356 doctrinae
1033 300 1190 352 laude
1214 302 1418 370 conspi-

60 428 248 469 cuum,
300 421 353 459 et
377 411 761 475 Boettigerum:
814 409 965 457 cuius
1000 423 1211 473 operam
1239 406 1276 455 fi
1311 411 1421 457 Ho-

58 515 192 564 ratio
225 524 332 562 tam
363 512 589 562 feliciter
626 509 804 560 ceffiffe
843 511 1040 569 dicam,
1102 521 1186 568 ut,
1244 511 1418 561 eidem

59 618 215 684 plane
233 615 547 667 satisfactum
570 614 677 664 dici
699 612 889 682 posset,
928 615 966 664 si
991 615 1168 664 omnia
1195 617 1421 664 carmina

59 721 122 770 ab
155 738 218 772 eo
252 720 511 786 perpolita
531 728 863 774 ‘teneremus3
929 716 1076 764 haud
1106 727 1300 766 temere
1334 737 1420 768 me

59 823 426 890 pronuntia-re,
466 831 556 869 aut
589 820 847 868 amicitiae
881 817 1091 866 cuidam
1123 821 1419 884 quidquam

58 941 146 974 me
172 923 366 974 dediffe
395 922 707 973 fatebuntur
744 939 951 981 omnes,
996 923 1090 988 qui
1122 921 1421 988 profundos

58 1029 371 1095 multiplicis
412 1028 681 1079 doctrinae
722 1023 941 1077 receffus
977 1026 1422 1094 amoeniffimique

59 1133 174 1181 eius
210 1133 415 1198 ingenii
457 1134 571 1182 vim
614 1133 876 1182 noverint.
964 1131 1138 1195 Atque
1174 1131 1262 1179 hic
1299 1150 1423 1181 cum

59 1252 184 1284 cura
215 1253 243 1284 a
271 1253 358 1284 me
390 1236 737 1302 praedicanda
773 1235 923 1285 venit
952 1232 1168 1298 insignis
1206 1237 1423 1302 Heynii,

59 1339 174 1388 Viri
222 1338 287 1388 de
332 1356 420 1389 me
468 1341 705 1405 meisque
757 1337 942 1387 studiis
982 1339 1188 1404 egregie
1229 1342 1421 1398 meriti,

66 1441 390 1504 humanitas,
440 1462 545 1511 qua
584 1443 803 1510 quidem
836 1441 996 1499 mihi,
1041 1451 1146 1489 tam
1178 1459 1336 1507 grave
1368 1462 1424 1493 ac

3 1543 5 1546 ⁴
46 1545 271 1596 difficile
301 1565 436 1615 opus
458 1549 728 1606 molienti,
761 1545 941 1595 dexter
963 1544 1128 1604 stetit,
1172 1546 1422 1597 consiliis-

61 1638 166 1716 que
217 1650 351 1710 suis,
409 1661 594 1718 poetae
656 1648 1086 1707 fructuofissimis,
1145 1667 1421 1716 nunquam

62 1752 261 1814 defuit;
300 1758 452 1805 cuius
490 1755 708 1821 quidem
738 1751 983 1802 beneficii
1013 1755 1322 1803 memoriam
1354 1757 1424 1804 ita

65 1858 259 1916 colam,
307 1869 369 1908 ut
397 1857 669 1924 gratiffimo
701 1855 841 1904 illud.
871 1855 1082 1906 homini
1118 1855 1420 1923 praestitum

62 1961 240 2012 bonus
263 1962 488 2027 quisque
510 1961 782 2026 intelligat.

178 2172 239 2219 In
271 2179 429 2242 textu'
453 2177 638 2235 poetae
681 2165 1115 2233 repraesentando
1158 2171 1425 2237 vulgatam

22 2283 27 2290 “
66 2272 179 2323 fere
211 2271 466 2339 sequutus
491 2271 606 2321 sum
641 2269 1019 2330 recensionem,
1063 2273 1128 2321 ad
1166 2275 1423 2326 Codicum

72 2353 233 2427 fidein
281 2374 398 2426 satis
438 2375 782 2442 probabiliter
831 2374 1163 2426 constitutam
1174 2397 1189 2438 ;
1236 2398 1428 2447 ‚neque

0 2527 5 2541 ‚
73 2479 226 2531 facile
250 2477 609 2528 ‘disceffionem
653 2478 715 2527 ab
746 2495 803 2526 ea
847 2478 1141 2529 faciendam
1179 2483 1431 2544 iudicavi,

77 2581 173 2634 nifi
201 2583 290 2633 ubi
326 2582 586 2634 Codicum
612 2583 974 2632 auctoritatem
1000 2594 1193 2635 temere
1224 2587 1431 2655 postha-

1255 2693 1434 2749 bitam,
