<?xml version="1.0" encoding="UTF-8"?>
<!DOCTYPE html PUBLIC "-//W3C//DTD XHTML 1.0 Transitional//EN"
    "http://www.w3.org/TR/xhtml1/DTD/xhtml1-transitional.dtd">
<html xmlns="http://www.w3.org/1999/xhtml" xml:lang="en" lang="en">
 <head>
  <title>
</title>
<meta http-equiv="Content-Type" content="text/html;charset=utf-8" />
  <meta name='ocr-system' content='tesseract 3.04.00' />
  <meta name='ocr-capabilities' content='ocr_page ocr_carea ocr_par ocr_line ocrx_word'/>
</head>
<body>
  <div class='ocr_page' id='page_1' title='image "./operahor01horauoft_0042.png"; bbox 0 0 1578 3126; ppageno 0'>
   <div class='ocr_carea' id='block_1_1' title="bbox 167 182 1093 218">
    <p class='ocr_par' dir='ltr' id='par_1_1' title="bbox 167 182 1093 218">
     <span class='ocr_line' id='line_1_1' title="bbox 167 182 1093 218; baseline -0.002 0"><span class='ocrx_word' id='word_1_1' title='bbox 167 185 230 218; x_wconf 76' lang='lat' dir='ltr'><strong>VI</strong></span> <span class='ocrx_word' id='word_1_2' title='bbox 581 182 673 218; x_wconf 72' lang='lat' dir='ltr'><strong>Dr.</strong></span> <span class='ocrx_word' id='word_1_3' title='bbox 741 183 1093 216; x_wconf 71' lang='lat' dir='ltr'><strong>HoRATII</strong></span> 
     </span>
    </p>
   </div>
   <div class='ocr_carea' id='block_1_2' title="bbox 174 296 1538 602">
    <p class='ocr_par' dir='ltr' id='par_1_2' title="bbox 265 296 1237 351">
     <span class='ocr_line' id='line_1_2' title="bbox 265 296 1237 351; baseline 0.001 -13"><span class='ocrx_word' id='word_1_4' title='bbox 265 311 312 351; x_wconf 84' lang='lat'><strong>9.</strong></span> <span class='ocrx_word' id='word_1_5' title='bbox 351 298 497 339; x_wconf 69' lang='lat' dir='ltr'><strong>Codex</strong></span> <span class='ocrx_word' id='word_1_6' title='bbox 516 300 615 338; x_wconf 84' lang='lat' dir='ltr'><strong>alter</strong></span> <span class='ocrx_word' id='word_1_7' title='bbox 643 297 854 341; x_wconf 72' lang='lat' dir='ltr'><strong>Flamini,</strong></span> <span class='ocrx_word' id='word_1_8' title='bbox 891 296 963 336; x_wconf 84' lang='lat' dir='ltr'><strong>Ars</strong></span> <span class='ocrx_word' id='word_1_9' title='bbox 984 298 1160 350; x_wconf 69' lang='lat' dir='ltr'><strong>poetica.</strong></span> <span class='ocrx_word' id='word_1_10' title='bbox 1193 311 1237 339; x_wconf 76' lang='grc' dir='ltr'><strong>ι’.</strong></span> 
     </span>
    </p>

    <p class='ocr_par' dir='ltr' id='par_1_3' title="bbox 175 358 1510 470">
     <span class='ocr_line' id='line_1_3' title="bbox 282 358 1510 420; baseline 0 -16"><span class='ocrx_word' id='word_1_11' title='bbox 282 378 353 404; x_wconf 87' lang='lat'><strong>10.</strong></span> <span class='ocrx_word' id='word_1_12' title='bbox 394 363 538 403; x_wconf 80' lang='lat' dir='ltr'><em>Codex</em></span> <span class='ocrx_word' id='word_1_13' title='bbox 562 363 745 403; x_wconf 74' lang='lat' dir='ltr'><strong>Victoris</strong></span> <span class='ocrx_word' id='word_1_14' title='bbox 773 358 970 420; x_wconf 82' lang='lat' dir='ltr'><strong>Giselini‚</strong></span> <span class='ocrx_word' id='word_1_15' title='bbox 1006 363 1080 403; x_wconf 80' lang='lat' dir='ltr'><strong>Ars</strong></span> <span class='ocrx_word' id='word_1_16' title='bbox 1098 366 1282 416; x_wconf 84' lang='lat' dir='ltr'><strong>poe&#39;tica,</strong></span> <span class='ocrx_word' id='word_1_17' title='bbox 1315 365 1510 418; x_wconf 79' lang='lat' dir='ltr'><strong>Epistola-</strong></span> 
     </span>
     <span class='ocr_line' id='line_1_4' title="bbox 175 429 1082 476; baseline -0.002 -6"><span class='ocrx_word' id='word_1_18' title='bbox 175 444 271 470; x_wconf 76' lang='lat' dir='ltr'><strong>rum</strong></span> <span class='ocrx_word' id='word_1_19' title='bbox 289 431 394 469; x_wconf 87' lang='lat' dir='ltr'><strong>liber</strong></span> <span class='ocrx_word' id='word_1_20' title='bbox 416 430 471 476; x_wconf 91' lang='lat' dir='ltr'><strong>II,</strong></span> <span class='ocrx_word' id='word_1_21' title='bbox 491 439 533 470; x_wconf 84' lang='lat' dir='ltr'><strong>et</strong></span> <span class='ocrx_word' id='word_1_22' title='bbox 550 431 800 469; x_wconf 85' lang='lat' dir='ltr'>Sermonum</span> <span class='ocrx_word' id='word_1_23' title='bbox 821 429 925 468; x_wconf 89' lang='lat' dir='ltr'><strong>liber</strong></span> <span class='ocrx_word' id='word_1_24' title='bbox 944 430 998 468; x_wconf 88' lang='grc' dir='ltr'><strong>ΙΙ.</strong></span> <span class='ocrx_word' id='word_1_25' title='bbox 1038 443 1082 468; x_wconf 75' lang='lat' dir='ltr'><strong>v.</strong></span> 
     </span>
    </p>

    <p class='ocr_par' dir='ltr' id='par_1_4' title="bbox 174 493 1538 602">
     <span class='ocr_line' id='line_1_5' title="bbox 279 493 1538 566; baseline 0.001 -31"><span class='ocrx_word' id='word_1_26' title='bbox 279 511 296 535; x_wconf 90' lang='lat'>1</span> <span class='ocrx_word' id='word_1_27' title='bbox 313 511 351 535; x_wconf 87' lang='lat'><strong>1.</strong></span> <span class='ocrx_word' id='word_1_28' title='bbox 388 497 685 551; x_wconf 84' lang='lat' dir='ltr'>Fragmentum</span> <span class='ocrx_word' id='word_1_29' title='bbox 754 493 896 535; x_wconf 70' lang='lat' dir='ltr'><strong>Caroli</strong></span> <span class='ocrx_word' id='word_1_30' title='bbox 958 493 1107 555; x_wconf 74' lang='lat' dir='ltr'><strong>Clzfii,</strong></span> <span class='ocrx_word' id='word_1_31' title='bbox 1177 509 1268 550; x_wconf 84' lang='lat' dir='ltr'><strong>pars</strong></span> <span class='ocrx_word' id='word_1_32' title='bbox 1317 496 1514 550; x_wconf 82' lang='lat' dir='ltr'><strong>Epistola·</strong></span> <span class='ocrx_word' id='word_1_33' title='bbox 1535 549 1538 566; x_wconf 30' lang='lat' dir='ltr'>x</span> 
     </span>
     <span class='ocr_line' id='line_1_6' title="bbox 174 574 386 602; baseline -0.005 0"><span class='ocrx_word' id='word_1_34' title='bbox 174 574 284 602; x_wconf 70' lang='lat' dir='ltr'><strong>xum.</strong></span> <span class='ocrx_word' id='word_1_35' title='bbox 343 575 386 601; x_wconf 79' lang='grc' dir='ltr'><strong>κ.</strong></span> 
     </span>
    </p>
   </div>
   <div class='ocr_carea' id='block_1_3' title="bbox 422 674 1275 716">
    <p class='ocr_par' dir='ltr' id='par_1_5' title="bbox 422 674 1275 716">
     <span class='ocr_line' id='line_1_7' title="bbox 422 674 1275 716; baseline 0.001 -1"><span class='ocrx_word' id='word_1_36' title='bbox 422 674 719 716; x_wconf 89' lang='lat' dir='ltr'>CODICES</span> <span class='ocrx_word' id='word_1_37' title='bbox 765 677 815 716; x_wconf 89' lang='lat' dir='ltr'><strong>L.</strong></span> <span class='ocrx_word' id='word_1_38' title='bbox 867 676 1275 716; x_wconf 83' lang='lat' dir='ltr'><strong>TORRENTII.</strong></span> 
     </span>
    </p>
   </div>
   <div class='ocr_carea' id='block_1_4' title="bbox 178 757 1517 1141">
    <p class='ocr_par' dir='ltr' id='par_1_6' title="bbox 178 757 1517 1141">
     <span class='ocr_line' id='line_1_8' title="bbox 277 757 1515 811; baseline 0.002 -16"><span class='ocrx_word' id='word_1_39' title='bbox 277 757 527 797; x_wconf 79' lang='lat' dir='ltr'><strong>Torrentius</strong></span> <span class='ocrx_word' id='word_1_40' title='bbox 549 759 726 811; x_wconf 71' lang='lat' dir='ltr'><strong>insignes</strong></span> <span class='ocrx_word' id='word_1_41' title='bbox 753 759 908 798; x_wconf 85' lang='lat' dir='ltr'><strong>multos</strong></span> <span class='ocrx_word' id='word_1_42' title='bbox 930 759 1050 798; x_wconf 81' lang='lat' dir='ltr'><strong>codd.</strong></span> <span class='ocrx_word' id='word_1_43' title='bbox 1083 771 1187 810; x_wconf 89' lang='lat' dir='ltr'><strong>quos</strong></span> <span class='ocrx_word' id='word_1_44' title='bbox 1211 759 1403 811; x_wconf 84' lang='lat' dir='ltr'><strong>inprimis</strong></span> <span class='ocrx_word' id='word_1_45' title='bbox 1431 759 1515 798; x_wconf 82' lang='lat' dir='ltr'><strong>Ro-</strong></span> 
     </span>
     <span class='ocr_line' id='line_1_9' title="bbox 178 823 1517 878; baseline 0 -16"><span class='ocrx_word' id='word_1_46' title='bbox 178 835 272 862; x_wconf 88' lang='lat' dir='ltr'><strong>mae</strong></span> <span class='ocrx_word' id='word_1_47' title='bbox 291 824 534 878; x_wconf 80' lang='lat' dir='ltr'><strong>collegiffet‚</strong></span> <span class='ocrx_word' id='word_1_48' title='bbox 561 825 610 862; x_wconf 76' lang='lat' dir='ltr'><strong>acl</strong></span> <span class='ocrx_word' id='word_1_49' title='bbox 637 823 934 864; x_wconf 79' lang='lat' dir='ltr'><strong>recensendum</strong></span> <span class='ocrx_word' id='word_1_50' title='bbox 967 826 1189 864; x_wconf 85' lang='lat' dir='ltr'><strong>Horatium</strong></span> <span class='ocrx_word' id='word_1_51' title='bbox 1215 825 1426 868; x_wconf 79' lang='lat' dir='ltr'><strong>adhibuit,</strong></span> <span class='ocrx_word' id='word_1_52' title='bbox 1471 826 1517 862; x_wconf 90' lang='lat' dir='ltr'><strong>in</strong></span> 
     </span>
     <span class='ocr_line' id='line_1_10' title="bbox 181 888 1516 942; baseline 0.001 -16"><span class='ocrx_word' id='word_1_53' title='bbox 181 888 332 940; x_wconf 81' lang='lat' dir='ltr'><strong>quibus</strong></span> <span class='ocrx_word' id='word_1_54' title='bbox 366 891 597 928; x_wconf 85' lang='lat' dir='ltr'><strong>maximum</strong></span> <span class='ocrx_word' id='word_1_55' title='bbox 629 891 810 942; x_wconf 88' lang='lat' dir='ltr'><strong>pretium</strong></span> <span class='ocrx_word' id='word_1_56' title='bbox 851 891 987 930; x_wconf 81' lang='lat' dir='ltr'><strong>statuit</strong></span> <span class='ocrx_word' id='word_1_57' title='bbox 1026 890 1172 930; x_wconf 82' lang='lat' dir='ltr'><strong>Codici</strong></span> <span class='ocrx_word' id='word_1_58' title='bbox 1207 890 1516 937; x_wconf 63' lang='lat' dir='ltr'><strong>Laurentinum</strong></span> 
     </span>
     <span class='ocr_line' id='line_1_11' title="bbox 183 956 1517 1008; baseline 0.002 -16"><span class='ocrx_word' id='word_1_59' title='bbox 183 956 273 993; x_wconf 82' lang='lat' dir='ltr'><strong>vid.</strong></span> <span class='ocrx_word' id='word_1_60' title='bbox 307 956 357 993; x_wconf 86' lang='lat' dir='ltr'><strong>ad</strong></span> <span class='ocrx_word' id='word_1_61' title='bbox 389 956 525 995; x_wconf 86' lang='lat' dir='ltr'><strong>Carm.</strong></span> <span class='ocrx_word' id='word_1_62' title='bbox 554 957 624 994; x_wconf 91' lang='lat' dir='ltr'><strong>IV.</strong></span> <span class='ocrx_word' id='word_1_63' title='bbox 664 970 700 995; x_wconf 87' lang='lat'><strong>1.</strong></span> <span class='ocrx_word' id='word_1_64' title='bbox 737 958 817 995; x_wconf 89' lang='lat' dir='ltr'><strong>Sed</strong></span> <span class='ocrx_word' id='word_1_65' title='bbox 855 970 988 1008; x_wconf 82' lang='lat' dir='ltr'><strong>neque</strong></span> <span class='ocrx_word' id='word_1_66' title='bbox 1019 956 1154 1001; x_wconf 92' lang='lat' dir='ltr'><strong>hunc,</strong></span> <span class='ocrx_word' id='word_1_67' title='bbox 1194 969 1330 1008; x_wconf 84' lang='lat' dir='ltr'><strong>neque</strong></span> <span class='ocrx_word' id='word_1_68' title='bbox 1359 965 1517 995; x_wconf 82' lang='lat' dir='ltr'><strong>ceteros</strong></span> 
     </span>
     <span class='ocr_line' id='line_1_12' title="bbox 182 1021 1516 1074; baseline 0.001 -14"><span class='ocrx_word' id='word_1_69' title='bbox 182 1023 407 1060; x_wconf 77' lang='lat' dir='ltr'><strong>accuratius</strong></span> <span class='ocrx_word' id='word_1_70' title='bbox 434 1021 655 1074; x_wconf 82' lang='lat' dir='ltr'><strong>descriptos</strong></span> <span class='ocrx_word' id='word_1_71' title='bbox 688 1035 861 1073; x_wconf 85' lang='lat' dir='ltr'><strong>usquam</strong></span> <span class='ocrx_word' id='word_1_72' title='bbox 898 1024 942 1060; x_wconf 89' lang='lat' dir='ltr'><strong>in</strong></span> <span class='ocrx_word' id='word_1_73' title='bbox 972 1023 1059 1061; x_wconf 86' lang='lat' dir='ltr'><strong>eius</strong></span> <span class='ocrx_word' id='word_1_74' title='bbox 1098 1022 1284 1061; x_wconf 77' lang='lat' dir='ltr'><strong>editione</strong></span> <span class='ocrx_word' id='word_1_75' title='bbox 1317 1021 1516 1074; x_wconf 73' lang='lat' dir='ltr'><strong>reperias:</strong></span> 
     </span>
     <span class='ocr_line' id='line_1_13' title="bbox 182 1086 1138 1141; baseline 0 -15"><span class='ocrx_word' id='word_1_76' title='bbox 182 1086 295 1126; x_wconf 84' lang='lat' dir='ltr'><strong>haud</strong></span> <span class='ocrx_word' id='word_1_77' title='bbox 319 1087 445 1127; x_wconf 84' lang='lat' dir='ltr'><strong>dubie&#39;</strong></span> <span class='ocrx_word' id='word_1_78' title='bbox 459 1116 471 1134; x_wconf 94' lang='lat'><strong><em>,</em></strong></span> <span class='ocrx_word' id='word_1_79' title='bbox 507 1089 619 1140; x_wconf 88' lang='lat' dir='ltr'><strong>quod</strong></span> <span class='ocrx_word' id='word_1_80' title='bbox 639 1087 723 1141; x_wconf 83' lang='lat' dir='ltr'><strong>ipse</strong></span> <span class='ocrx_word' id='word_1_81' title='bbox 744 1102 835 1128; x_wconf 87' lang='lat' dir='ltr'><strong>eam</strong></span> <span class='ocrx_word' id='word_1_82' title='bbox 854 1101 942 1128; x_wconf 90' lang='lat' dir='ltr'><strong>non</strong></span> <span class='ocrx_word' id='word_1_83' title='bbox 965 1089 1138 1127; x_wconf 84' lang='lat' dir='ltr'><strong>curavit.</strong></span> 
     </span>
    </p>
   </div>
   <div class='ocr_carea' id='block_1_5' title="bbox 453 1201 1256 1243">
    <p class='ocr_par' dir='ltr' id='par_1_7' title="bbox 453 1201 1256 1243">
     <span class='ocr_line' id='line_1_14' title="bbox 453 1201 1256 1243; baseline 0 -1"><span class='ocrx_word' id='word_1_84' title='bbox 453 1201 810 1242; x_wconf 89' lang='lat' dir='ltr'>CODICES</span> <span class='ocrx_word' id='word_1_85' title='bbox 861 1201 1256 1243; x_wconf 82' lang='lat' dir='ltr'><strong>TALBOTI.</strong></span> 
     </span>
    </p>
   </div>
   <div class='ocr_carea' id='block_1_6' title="bbox 181 1281 1521 1851">
    <p class='ocr_par' dir='ltr' id='par_1_8' title="bbox 181 1281 1518 1403">
     <span class='ocr_line' id='line_1_15' title="bbox 289 1281 1518 1336; baseline 0.001 -15"><span class='ocrx_word' id='word_1_86' title='bbox 289 1297 326 1322; x_wconf 86' lang='lat'><strong>1.</strong></span> <span class='ocrx_word' id='word_1_87' title='bbox 367 1283 470 1324; x_wconf 75' lang='lat' dir='ltr'><strong>cod.</strong></span> <span class='ocrx_word' id='word_1_88' title='bbox 498 1282 628 1327; x_wconf 59' lang='lat' dir='ltr'><strong>Galen}</strong></span> <span class='ocrx_word' id='word_1_89' title='bbox 663 1285 729 1322; x_wconf 87' lang='lat' dir='ltr'><strong>cui</strong></span> <span class='ocrx_word' id='word_1_90' title='bbox 754 1282 902 1322; x_wconf 83' lang='lat' dir='ltr'><strong>inserta</strong></span> <span class='ocrx_word' id='word_1_91' title='bbox 921 1282 1013 1321; x_wconf 77' lang='lat' dir='ltr'><strong>[unt</strong></span> <span class='ocrx_word' id='word_1_92' title='bbox 1030 1282 1206 1323; x_wconf 80' lang='lat' dir='ltr'><strong>Horatii</strong></span> <span class='ocrx_word' id='word_1_93' title='bbox 1227 1281 1387 1336; x_wconf 80' lang='lat' dir='ltr'><strong><em>Opera,</em></strong></span> <span class='ocrx_word' id='word_1_94' title='bbox 1422 1294 1518 1323; x_wconf 87' lang='lat' dir='ltr'><strong>cum</strong></span> 
     </span>
     <span class='ocr_line' id='line_1_16' title="bbox 181 1346 1387 1403; baseline 0.002 -16"><span class='ocrx_word' id='word_1_95' title='bbox 181 1346 346 1388; x_wconf 82' lang='lat' dir='ltr'><strong>scholiis</strong></span> <span class='ocrx_word' id='word_1_96' title='bbox 374 1350 424 1388; x_wconf 87' lang='lat' dir='ltr'><strong>ad</strong></span> <span class='ocrx_word' id='word_1_97' title='bbox 442 1351 673 1403; x_wconf 82' lang='lat' dir='ltr'><strong>marginem</strong></span> <span class='ocrx_word' id='word_1_98' title='bbox 694 1349 863 1402; x_wconf 82' lang='lat' dir='ltr'><strong>scriptis.</strong></span> <span class='ocrx_word' id='word_1_99' title='bbox 1384 1366 1387 1368; x_wconf 94' lang='lat'>·</span> 
     </span>
    </p>

    <p class='ocr_par' dir='ltr' id='par_1_9' title="bbox 182 1408 1520 1535">
     <span class='ocr_line' id='line_1_17' title="bbox 283 1408 1520 1474; baseline 0 -20"><span class='ocrx_word' id='word_1_100' title='bbox 283 1426 325 1454; x_wconf 72' lang='grc' dir='ltr'><strong>Ω.</strong></span> <span class='ocrx_word' id='word_1_101' title='bbox 366 1415 470 1455; x_wconf 71' lang='lat' dir='ltr'><strong>Cod.</strong></span> <span class='ocrx_word' id='word_1_102' title='bbox 502 1416 618 1455; x_wconf 78' lang='lat' dir='ltr'><strong>Galei</strong></span> <span class='ocrx_word' id='word_1_103' title='bbox 635 1415 829 1460; x_wconf 81' lang='lat' dir='ltr'><strong>vetustus,</strong></span> <span class='ocrx_word' id='word_1_104' title='bbox 864 1417 1086 1455; x_wconf 87' lang='lat' dir='ltr'><strong>continens</strong></span> <span class='ocrx_word' id='word_1_105' title='bbox 1098 1415 1158 1455; x_wconf 91' lang='lat' dir='ltr'><strong>H.</strong></span> <span class='ocrx_word' id='word_1_106' title='bbox 1179 1408 1520 1474; x_wconf 55' lang='lat' dir='ltr'><strong>Episto‘lasffium</strong></span> 
     </span>
     <span class='ocr_line' id='line_1_18' title="bbox 182 1479 1420 1535; baseline 0.003 -16"><span class='ocrx_word' id='word_1_107' title='bbox 182 1479 348 1521; x_wconf 78' lang='lat' dir='ltr'><strong>scholiis</strong></span> <span class='ocrx_word' id='word_1_108' title='bbox 367 1490 410 1520; x_wconf 86' lang='lat' dir='ltr'><strong>et</strong></span> <span class='ocrx_word' id='word_1_109' title='bbox 429 1482 554 1535; x_wconf 81' lang='lat' dir='ltr'><strong>gloss&#39;a</strong></span> <span class='ocrx_word' id='word_1_110' title='bbox 575 1483 841 1521; x_wconf 79' lang='lat' dir='ltr'><strong>interlineari.</strong></span> <span class='ocrx_word' id='word_1_111' title='bbox 1418 1510 1420 1514; x_wconf 64' lang='grc'><em>»</em></span> 
     </span>
    </p>

    <p class='ocr_par' dir='ltr' id='par_1_10' title="bbox 185 1547 1516 1669">
     <span class='ocr_line' id='line_1_19' title="bbox 287 1547 1516 1601; baseline 0 -15"><span class='ocrx_word' id='word_1_112' title='bbox 287 1557 328 1598; x_wconf 76' lang='lat'><strong>5.</strong></span> <span class='ocrx_word' id='word_1_113' title='bbox 371 1547 475 1587; x_wconf 78' lang='lat' dir='ltr'><strong>God.</strong></span> <span class='ocrx_word' id='word_1_114' title='bbox 506 1549 604 1587; x_wconf 83' lang='lat' dir='ltr'><strong>MS.</strong></span> <span class='ocrx_word' id='word_1_115' title='bbox 643 1547 816 1588; x_wconf 69' lang='lat' dir='ltr'><strong>cardin.</strong></span> <span class='ocrx_word' id='word_1_116' title='bbox 840 1547 1010 1600; x_wconf 75' lang='lat' dir='ltr'><strong>Bembi,</strong></span> <span class='ocrx_word' id='word_1_117' title='bbox 1056 1549 1276 1588; x_wconf 86' lang='lat' dir='ltr'><strong>continens</strong></span> <span class='ocrx_word' id='word_1_118' title='bbox 1297 1548 1357 1588; x_wconf 88' lang='lat' dir='ltr'><strong>H.</strong></span> <span class='ocrx_word' id='word_1_119' title='bbox 1379 1561 1516 1601; x_wconf 75' lang='lat' dir='ltr'><strong>opera,</strong></span> 
     </span>
     <span class='ocr_line' id='line_1_20' title="bbox 185 1613 1497 1669; baseline 0.002 -18"><span class='ocrx_word' id='word_1_120' title='bbox 185 1613 230 1652; x_wconf 87' lang='lat' dir='ltr'><strong>in</strong></span> <span class='ocrx_word' id='word_1_121' title='bbox 250 1613 360 1653; x_wconf 83' lang='lat' dir='ltr'><strong>Bibl.</strong></span> <span class='ocrx_word' id='word_1_122' title='bbox 387 1614 495 1653; x_wconf 85' lang='lat' dir='ltr'><strong>Coll.</strong></span> <span class='ocrx_word' id='word_1_123' title='bbox 521 1615 662 1669; x_wconf 82' lang='lat' dir='ltr'><strong>Regal.</strong></span> <span class='ocrx_word' id='word_1_124' title='bbox 685 1613 877 1655; x_wconf 84' lang='lat' dir='ltr'><strong>servatus.</strong></span> <span class='ocrx_word' id='word_1_125' title='bbox 915 1615 1008 1654; x_wconf 84' lang='lat' dir='ltr'><strong>vid.</strong></span> <span class='ocrx_word' id='word_1_126' title='bbox 1033 1614 1167 1654; x_wconf 87' lang='lat' dir='ltr'><strong>Codd.</strong></span> <span class='ocrx_word' id='word_1_127' title='bbox 1198 1615 1335 1654; x_wconf 86' lang='lat' dir='ltr'><strong>Bentl.</strong></span> <span class='ocrx_word' id='word_1_128' title='bbox 1358 1629 1400 1654; x_wconf 89' lang='lat' dir='ltr'><strong>n.</strong></span> <span class='ocrx_word' id='word_1_129' title='bbox 1427 1625 1497 1653; x_wconf 79' lang='lat'><strong>12.</strong></span> 
     </span>
    </p>

    <p class='ocr_par' dir='ltr' id='par_1_11' title="bbox 186 1678 1517 1851">
     <span class='ocr_line' id='line_1_21' title="bbox 283 1678 1517 1738; baseline -0.001 -20"><span class='ocrx_word' id='word_1_130' title='bbox 283 1687 330 1730; x_wconf 78' lang='lat'><strong>4.</strong></span> <span class='ocrx_word' id='word_1_131' title='bbox 371 1678 475 1718; x_wconf 79' lang='lat' dir='ltr'><strong>Cod.</strong></span> <span class='ocrx_word' id='word_1_132' title='bbox 500 1681 599 1720; x_wconf 84' lang='lat' dir='ltr'><strong>MS.</strong></span> <span class='ocrx_word' id='word_1_133' title='bbox 636 1680 739 1720; x_wconf 78' lang='lat' dir='ltr'><strong>Coll.</strong></span> <span class='ocrx_word' id='word_1_134' title='bbox 773 1678 997 1738; x_wconf 69' lang='lat' dir='ltr'><strong>Patrensis,</strong></span> <span class='ocrx_word' id='word_1_135' title='bbox 1053 1682 1120 1719; x_wconf 87' lang='lat' dir='ltr'><strong>cui</strong></span> <span class='ocrx_word' id='word_1_136' title='bbox 1139 1680 1310 1719; x_wconf 81' lang='lat' dir='ltr'><strong>insertae</strong></span> <span class='ocrx_word' id='word_1_137' title='bbox 1330 1679 1425 1718; x_wconf 88' lang='lat' dir='ltr'><strong>sunt</strong></span> <span class='ocrx_word' id='word_1_138' title='bbox 1456 1679 1517 1719; x_wconf 81' lang='lat' dir='ltr'><strong>II.</strong></span> 
     </span>
     <span class='ocr_line' id='line_1_22' title="bbox 189 1744 1521 1805; baseline 0.001 -22"><span class='ocrx_word' id='word_1_139' title='bbox 189 1744 327 1790; x_wconf 74' lang='lat' dir='ltr'><strong>odae,</strong></span> <span class='ocrx_word' id='word_1_140' title='bbox 361 1746 526 1785; x_wconf 66' lang='lat' dir='ltr'><strong>satirae</strong></span> <span class='ocrx_word' id='word_1_141' title='bbox 544 1755 585 1785; x_wconf 73' lang='lat' dir='ltr'><strong>et</strong></span> <span class='ocrx_word' id='word_1_142' title='bbox 604 1745 839 1805; x_wconf 68' lang='lat' dir='ltr'><strong>Epstolae,</strong></span> <span class='ocrx_word' id='word_1_143' title='bbox 882 1759 979 1786; x_wconf 88' lang='lat' dir='ltr'><strong>cum</strong></span> <span class='ocrx_word' id='word_1_144' title='bbox 998 1745 1159 1786; x_wconf 76' lang='lat' dir='ltr'><strong>scholiis</strong></span> <span class='ocrx_word' id='word_1_145' title='bbox 1179 1755 1222 1786; x_wconf 88' lang='lat' dir='ltr'><strong>et</strong></span> <span class='ocrx_word' id='word_1_146' title='bbox 1238 1745 1362 1801; x_wconf 78' lang='lat' dir='ltr'><strong>gloll‘a</strong></span> <span class='ocrx_word' id='word_1_147' title='bbox 1384 1747 1521 1785; x_wconf 80' lang='lat' dir='ltr'><strong>inter—</strong></span> 
     </span>
     <span class='ocr_line' id='line_1_23' title="bbox 186 1810 347 1851; baseline 0.014 -3"><span class='ocrx_word' id='word_1_148' title='bbox 186 1810 347 1851; x_wconf 86' lang='lat' dir='ltr'><strong>lineari.</strong></span> 
     </span>
    </p>
   </div>
   <div class='ocr_carea' id='block_1_7' title="bbox 185 1876 1564 2713">
    <p class='ocr_par' dir='ltr' id='par_1_12' title="bbox 186 1876 1517 2004">
     <span class='ocr_line' id='line_1_24' title="bbox 289 1876 1517 1931; baseline -0.002 -12"><span class='ocrx_word' id='word_1_149' title='bbox 289 1887 332 1927; x_wconf 86' lang='lat'><strong>5.</strong></span> <span class='ocrx_word' id='word_1_150' title='bbox 374 1878 480 1919; x_wconf 83' lang='lat' dir='ltr'><strong>Cod.</strong></span> <span class='ocrx_word' id='word_1_151' title='bbox 511 1878 611 1919; x_wconf 89' lang='lat' dir='ltr'><strong>MS.</strong></span> <span class='ocrx_word' id='word_1_152' title='bbox 645 1877 750 1919; x_wconf 77' lang='lat' dir='ltr'><strong>coll.</strong></span> <span class='ocrx_word' id='word_1_153' title='bbox 789 1878 827 1917; x_wconf 90' lang='lat' dir='ltr'><em>T</em></span> <span class='ocrx_word' id='word_1_154' title='bbox 824 1879 935 1918; x_wconf 70' lang='lat' dir='ltr'><strong>rame</strong></span> <span class='ocrx_word' id='word_1_155' title='bbox 982 1877 1184 1918; x_wconf 67' lang='lat' dir='ltr'><strong>cantabr.</strong></span> <span class='ocrx_word' id='word_1_156' title='bbox 1215 1878 1287 1931; x_wconf 89' lang='lat' dir='ltr'><strong>qui</strong></span> <span class='ocrx_word' id='word_1_157' title='bbox 1303 1877 1428 1916; x_wconf 78' lang='lat' dir='ltr'><strong>habet</strong></span> <span class='ocrx_word' id='word_1_158' title='bbox 1454 1876 1517 1918; x_wconf 97' lang='lat' dir='ltr'><strong>H.</strong></span> 
     </span>
     <span class='ocr_line' id='line_1_25' title="bbox 186 1942 417 2004; baseline 0 -21"><span class='ocrx_word' id='word_1_159' title='bbox 186 1942 274 1994; x_wconf 82' lang='lat' dir='ltr'><strong>Ep</strong></span> <span class='ocrx_word' id='word_1_160' title='bbox 260 1943 417 2004; x_wconf 78' lang='lat' dir='ltr'><strong>stolas</strong></span> 
     </span>
    </p>

    <p class='ocr_par' dir='ltr' id='par_1_13' title="bbox 287 2006 1487 2062">
     <span class='ocr_line' id='line_1_26' title="bbox 287 2006 1487 2062; baseline -0.003 -10"><span class='ocrx_word' id='word_1_161' title='bbox 287 2011 331 2052; x_wconf 90' lang='grc'><strong>6.</strong></span> <span class='ocrx_word' id='word_1_162' title='bbox 357 2011 462 2051; x_wconf 87' lang='lat' dir='ltr'><strong>Cod.</strong></span> <span class='ocrx_word' id='word_1_163' title='bbox 485 2011 609 2051; x_wconf 82' lang='lat' dir='ltr'><strong>Bodl.</strong></span> <span class='ocrx_word' id='word_1_164' title='bbox 634 2013 674 2051; x_wconf 91' lang='lat' dir='ltr'><strong>I.</strong></span> <span class='ocrx_word' id='word_1_165' title='bbox 695 2012 915 2050; x_wconf 80' lang='lat' dir='ltr'><strong>continens</strong></span> <span class='ocrx_word' id='word_1_166' title='bbox 938 2010 1056 2050; x_wconf 75' lang='lat' dir='ltr'><em>(Mas</em></span> <span class='ocrx_word' id='word_1_167' title='bbox 1075 2010 1135 2051; x_wconf 89' lang='lat' dir='ltr'><strong>H.</strong></span> <span class='ocrx_word' id='word_1_168' title='bbox 1156 2011 1290 2050; x_wconf 87' lang='lat' dir='ltr'><strong>nitide</strong></span> <span class='ocrx_word' id='word_1_169' title='bbox 1310 2006 1487 2062; x_wconf 81' lang='lat' dir='ltr'><strong>scriptas.</strong></span> 
     </span>
    </p>

    <p class='ocr_par' dir='ltr' id='par_1_14' title="bbox 188 2075 1521 2184">
     <span class='ocr_line' id='line_1_27' title="bbox 290 2075 1521 2154; baseline -0.003 -37"><span class='ocrx_word' id='word_1_170' title='bbox 290 2087 333 2126; x_wconf 89' lang='lat'><strong>7.</strong></span> <span class='ocrx_word' id='word_1_171' title='bbox 371 2077 477 2121; x_wconf 80' lang='lat' dir='ltr'><strong>Cocl</strong></span> <span class='ocrx_word' id='word_1_172' title='bbox 495 2078 620 2117; x_wconf 75' lang='lat' dir='ltr'><strong>Bodl.</strong></span> <span class='ocrx_word' id='word_1_173' title='bbox 641 2079 705 2118; x_wconf 87' lang='lat' dir='ltr'><strong>II.</strong></span> <span class='ocrx_word' id='word_1_174' title='bbox 727 2077 785 2116; x_wconf 86' lang='lat' dir='ltr'><strong>H.</strong></span> <span class='ocrx_word' id='word_1_175' title='bbox 814 2076 932 2116; x_wconf 81' lang='lat' dir='ltr'><em>Odas</em></span> <span class='ocrx_word' id='word_1_176' title='bbox 961 2077 1136 2123; x_wconf 74' lang='lat' dir='ltr'><strong>habens,</strong></span> <span class='ocrx_word' id='word_1_177' title='bbox 1181 2077 1284 2116; x_wconf 88' lang='lat' dir='ltr'><strong>olim</strong></span> <span class='ocrx_word' id='word_1_178' title='bbox 1312 2076 1418 2154; x_wconf 79' lang='lat' dir='ltr'><strong>liber</strong></span> <span class='ocrx_word' id='word_1_179' title='bbox 1449 2075 1521 2116; x_wconf 87' lang='lat' dir='ltr'><strong>Ge.</strong></span> 
     </span>
     <span class='ocr_line' id='line_1_28' title="bbox 188 2141 890 2188; baseline 0.001 -8"><span class='ocrx_word' id='word_1_180' title='bbox 188 2155 217 2180; x_wconf 85' lang='lat' dir='ltr'><strong><em>a</em></strong></span> <span class='ocrx_word' id='word_1_181' title='bbox 239 2141 385 2188; x_wconf 85' lang='lat' dir='ltr'><strong>Turre,</strong></span> <span class='ocrx_word' id='word_1_182' title='bbox 415 2142 583 2184; x_wconf 68' lang='lat' dir='ltr'><strong>Profess&#39;.</strong></span> <span class='ocrx_word' id='word_1_183' title='bbox 608 2143 723 2183; x_wconf 79' lang='lat' dir='ltr'><strong>Med.</strong></span> <span class='ocrx_word' id='word_1_184' title='bbox 747 2144 890 2183; x_wconf 81' lang='lat' dir='ltr'><strong>Patav.</strong></span> 
     </span>
    </p>

    <p class='ocr_par' dir='ltr' id='par_1_15' title="bbox 187 2207 1564 2328">
     <span class='ocr_line' id='line_1_29' title="bbox 287 2207 1564 2262; baseline -0.003 -12"><span class='ocrx_word' id='word_1_185' title='bbox 287 2216 332 2259; x_wconf 82' lang='lat'><strong>8.</strong></span> <span class='ocrx_word' id='word_1_186' title='bbox 372 2209 630 2250; x_wconf 76' lang='lat' dir='ltr'><strong>Cod.130dl.</strong></span> <span class='ocrx_word' id='word_1_187' title='bbox 662 2211 758 2248; x_wconf 91' lang='lat' dir='ltr'><strong>III.</strong></span> <span class='ocrx_word' id='word_1_188' title='bbox 791 2223 978 2262; x_wconf 85' lang='lat' dir='ltr'><strong>papyrac</strong></span> <span class='ocrx_word' id='word_1_189' title='bbox 1010 2211 1167 2253; x_wconf 80' lang='lat' dir='ltr'><strong>contin.</strong></span> <span class='ocrx_word' id='word_1_190' title='bbox 1196 2208 1256 2249; x_wconf 93' lang='lat' dir='ltr'><strong>H.</strong></span> <span class='ocrx_word' id='word_1_191' title='bbox 1290 2207 1409 2247; x_wconf 80' lang='lat' dir='ltr'><em>Odas</em></span> <span class='ocrx_word' id='word_1_192' title='bbox 1428 2207 1521 2248; x_wconf 84' lang='lat' dir='ltr'><strong>etl.</strong></span> <span class='ocrx_word' id='word_1_193' title='bbox 1559 2227 1564 2231; x_wconf 91' lang='lat'><strong>·</strong></span> 
     </span>
     <span class='ocr_line' id='line_1_30' title="bbox 187 2273 1521 2328; baseline 0.001 -15"><span class='ocrx_word' id='word_1_194' title='bbox 187 2273 238 2313; x_wconf 81' lang='lat' dir='ltr'><strong>de</strong></span> <span class='ocrx_word' id='word_1_195' title='bbox 265 2276 367 2315; x_wconf 75' lang='lat' dir='ltr'><strong>Arte</strong></span> <span class='ocrx_word' id='word_1_196' title='bbox 381 2278 546 2328; x_wconf 73' lang='lat' dir='ltr'><strong>poetica</strong></span> <span class='ocrx_word' id='word_1_197' title='bbox 564 2290 598 2316; x_wconf 86' lang='lat' dir='ltr'><strong>a.</strong></span> <span class='ocrx_word' id='word_1_198' title='bbox 630 2277 764 2327; x_wconf 75' lang='lat'><strong>1463.</strong></span> <span class='ocrx_word' id='word_1_199' title='bbox 788 2289 860 2327; x_wconf 88' lang='lat' dir='ltr'><strong>per</strong></span> <span class='ocrx_word' id='word_1_200' title='bbox 884 2277 1115 2316; x_wconf 79' lang='lat' dir='ltr'><strong>Iohannem</strong></span> <span class='ocrx_word' id='word_1_201' title='bbox 1133 2276 1182 2314; x_wconf 82' lang='lat' dir='ltr'><strong>de</strong></span> <span class='ocrx_word' id='word_1_202' title='bbox 1201 2275 1350 2314; x_wconf 64' lang='lat' dir='ltr'><strong>Illunci·</strong></span> <span class='ocrx_word' id='word_1_203' title='bbox 1365 2275 1521 2314; x_wconf 79' lang='lat' dir='ltr'><strong>finitus.</strong></span> 
     </span>
    </p>

    <p class='ocr_par' dir='ltr' id='par_1_16' title="bbox 285 2342 1200 2393">
     <span class='ocr_line' id='line_1_31' title="bbox 285 2342 1200 2393; baseline 0 -11"><span class='ocrx_word' id='word_1_204' title='bbox 285 2353 332 2393; x_wconf 83' lang='lat'><strong>9.</strong></span> <span class='ocrx_word' id='word_1_205' title='bbox 373 2343 478 2382; x_wconf 77' lang='lat' dir='ltr'><strong>God.</strong></span> <span class='ocrx_word' id='word_1_206' title='bbox 503 2343 627 2383; x_wconf 84' lang='lat' dir='ltr'><strong>Bodl.</strong></span> <span class='ocrx_word' id='word_1_207' title='bbox 655 2342 743 2383; x_wconf 88' lang='lat' dir='ltr'><strong>IV.</strong></span> <span class='ocrx_word' id='word_1_208' title='bbox 766 2352 914 2382; x_wconf 79' lang='lat' dir='ltr'><strong>tenens</strong></span> <span class='ocrx_word' id='word_1_209' title='bbox 932 2343 991 2382; x_wconf 84' lang='lat' dir='ltr'><strong>H.</strong></span> <span class='ocrx_word' id='word_1_210' title='bbox 1012 2342 1062 2380; x_wconf 76' lang='lat' dir='ltr'><strong>de</strong></span> <span class='ocrx_word' id='word_1_211' title='bbox 1078 2343 1128 2381; x_wconf 89' lang='lat' dir='ltr'><strong>A.</strong></span> <span class='ocrx_word' id='word_1_212' title='bbox 1149 2343 1200 2382; x_wconf 92' lang='lat' dir='ltr'><strong>P.</strong></span> 
     </span>
    </p>

    <p class='ocr_par' dir='ltr' id='par_1_17' title="bbox 188 2406 1520 2525">
     <span class='ocr_line' id='line_1_32' title="bbox 292 2406 1520 2462; baseline -0.002 -14"><span class='ocrx_word' id='word_1_213' title='bbox 292 2422 364 2449; x_wconf 85' lang='grc' dir='ltr'><strong>ιο.</strong></span> <span class='ocrx_word' id='word_1_214' title='bbox 402 2409 508 2449; x_wconf 82' lang='lat' dir='ltr'><strong>God.</strong></span> <span class='ocrx_word' id='word_1_215' title='bbox 577 2408 734 2462; x_wconf 77' lang='lat' dir='ltr'><strong>Colleg.</strong></span> <span class='ocrx_word' id='word_1_216' title='bbox 790 2407 944 2461; x_wconf 64' lang='lat' dir='ltr'><strong>Illagd.</strong></span> <span class='ocrx_word' id='word_1_217' title='bbox 1002 2408 1141 2448; x_wconf 79' lang='lat' dir='ltr'><strong>Oxon.</strong></span> <span class='ocrx_word' id='word_1_218' title='bbox 1195 2408 1416 2448; x_wconf 82' lang='lat' dir='ltr'><strong>continens</strong></span> <span class='ocrx_word' id='word_1_219' title='bbox 1458 2406 1520 2447; x_wconf 91' lang='lat' dir='ltr'><strong>H.</strong></span> 
     </span>
     <span class='ocr_line' id='line_1_33' title="bbox 188 2468 342 2525; baseline 0.013 -13"><span class='ocrx_word' id='word_1_220' title='bbox 188 2468 342 2525; x_wconf 77' lang='lat' dir='ltr'><strong>Opera.</strong></span> 
     </span>
    </p>

    <p class='ocr_par' dir='ltr' id='par_1_18' title="bbox 185 2540 1523 2661">
     <span class='ocr_line' id='line_1_34' title="bbox 291 2540 1523 2595; baseline 0 -15"><span class='ocrx_word' id='word_1_221' title='bbox 291 2555 307 2579; x_wconf 90' lang='lat'><strong>1</strong></span> <span class='ocrx_word' id='word_1_222' title='bbox 325 2556 362 2581; x_wconf 90' lang='lat'><strong>1.</strong></span> <span class='ocrx_word' id='word_1_223' title='bbox 389 2541 493 2582; x_wconf 82' lang='lat' dir='ltr'><strong>Cod.</strong></span> <span class='ocrx_word' id='word_1_224' title='bbox 513 2542 640 2583; x_wconf 85' lang='lat' dir='ltr'><strong>eiusd.</strong></span> <span class='ocrx_word' id='word_1_225' title='bbox 667 2541 820 2595; x_wconf 77' lang='lat' dir='ltr'><strong>colleg.</strong></span> <span class='ocrx_word' id='word_1_226' title='bbox 845 2543 1006 2583; x_wconf 86' lang='lat' dir='ltr'><strong>contin.</strong></span> <span class='ocrx_word' id='word_1_227' title='bbox 1026 2541 1088 2582; x_wconf 89' lang='lat' dir='ltr'><strong>H.</strong></span> <span class='ocrx_word' id='word_1_228' title='bbox 1113 2540 1302 2587; x_wconf 68' lang='lat' dir='ltr'><strong>satiras,</strong></span> <span class='ocrx_word' id='word_1_229' title='bbox 1334 2540 1450 2595; x_wconf 80' lang='lat' dir='ltr'><strong>Epp.</strong></span> <span class='ocrx_word' id='word_1_230' title='bbox 1481 2548 1523 2579; x_wconf 73' lang='lat' dir='ltr'><strong>et</strong></span> 
     </span>
     <span class='ocr_line' id='line_1_35' title="bbox 185 2606 562 2661; baseline 0.003 -14"><span class='ocrx_word' id='word_1_231' title='bbox 185 2606 324 2647; x_wconf 72' lang='lat' dir='ltr'><strong>Artem</strong></span> <span class='ocrx_word' id='word_1_232' title='bbox 342 2610 562 2661; x_wconf 80' lang='lat' dir='ltr'><strong>poeticam.</strong></span> 
     </span>
    </p>

    <p class='ocr_par' dir='ltr' id='par_1_19' title="bbox 1447 2682 1519 2713">
     <span class='ocr_line' id='line_1_36' title="bbox 1447 2682 1519 2713; baseline 0 -1"><span class='ocrx_word' id='word_1_233' title='bbox 1447 2682 1519 2713; x_wconf 78' lang='lat'><strong>12.</strong></span> 
     </span>
    </p>
   </div>
  </div>
 </body>
</html>
