<?xml version="1.0" encoding="UTF-8"?>
<!DOCTYPE html PUBLIC "-//W3C//DTD XHTML 1.0 Transitional//EN"
    "http://www.w3.org/TR/xhtml1/DTD/xhtml1-transitional.dtd">
<html xmlns="http://www.w3.org/1999/xhtml" xml:lang="en" lang="en">
 <head>
  <title>
</title>
<meta http-equiv="Content-Type" content="text/html;charset=utf-8" />
  <meta name='ocr-system' content='tesseract 3.04.00' />
  <meta name='ocr-capabilities' content='ocr_page ocr_carea ocr_par ocr_line ocrx_word'/>
</head>
<body>
  <div class='ocr_page' id='page_1' title='image "./operahor01horauoft_0034.png"; bbox 0 0 1578 3126; ppageno 0'>
   <div class='ocr_carea' id='block_1_1' title="bbox 213 162 1204 252">
    <p class='ocr_par' dir='ltr' id='par_1_1' title="bbox 213 162 1204 252">
     <span class='ocr_line' id='line_1_1' title="bbox 213 162 1204 252; baseline -0.003 -20"><span class='ocrx_word' id='word_1_1' title='bbox 213 162 287 233; x_wconf 56' lang='lat' dir='ltr'>x‘x</span> <span class='ocrx_word' id='word_1_2' title='bbox 571 188 1204 252; x_wconf 63' lang='lat' dir='ltr'>PRAEFATIO,</span> 
     </span>
    </p>
   </div>
   <div class='ocr_carea' id='block_1_2' title="bbox 177 309 1574 1686">
    <p class='ocr_par' dir='ltr' id='par_1_2' title="bbox 177 309 1574 1686">
     <span class='ocr_line' id='line_1_2' title="bbox 213 309 1538 378; baseline 0.007 -22"><span class='ocrx_word' id='word_1_3' title='bbox 213 310 400 368; x_wconf 80' lang='lat' dir='ltr'>bitani,</span> <span class='ocrx_word' id='word_1_4' title='bbox 446 320 496 358; x_wconf 85' lang='lat' dir='ltr'>et</span> <span class='ocrx_word' id='word_1_5' title='bbox 520 309 827 358; x_wconf 83' lang='lat' dir='ltr'>coniecturis</span> <span class='ocrx_word' id='word_1_6' title='bbox 863 312 1369 378; x_wconf 86' lang='lat' dir='ltr'>correctionibusque</span> <span class='ocrx_word' id='word_1_7' title='bbox 1397 316 1538 370; x_wconf 64' lang='lat' dir='ltr'>viro-‚-</span> 
     </span>
     <span class='ocr_line' id='line_1_3' title="bbox 213 409 1565 492; baseline 0.004 -33"><span class='ocrx_word' id='word_1_8' title='bbox 213 427 335 459; x_wconf 85' lang='lat' dir='ltr'>rum</span> <span class='ocrx_word' id='word_1_9' title='bbox 385 410 660 475; x_wconf 76' lang='lat' dir='ltr'>doctorum</span> <span class='ocrx_word' id='word_1_10' title='bbox 705 426 814 458; x_wconf 88' lang='lat' dir='ltr'>non</span> <span class='ocrx_word' id='word_1_11' title='bbox 857 409 1143 458; x_wconf 87' lang='lat' dir='ltr'>admodum</span> <span class='ocrx_word' id='word_1_12' title='bbox 1185 415 1428 492; x_wconf 62' lang='lat' dir='ltr'>gravibus</span> <span class='ocrx_word' id='word_1_13' title='bbox 1473 416 1565 464; x_wconf 71' lang='lat' dir='ltr'>de&#39;</span> 
     </span>
     <span class='ocr_line' id='line_1_4' title="bbox 214 509 1536 564; baseline 0.005 -6"><span class='ocrx_word' id='word_1_14' title='bbox 214 510 382 558; x_wconf 83' lang='lat' dir='ltr'>cauffis</span> <span class='ocrx_word' id='word_1_15' title='bbox 449 509 716 557; x_wconf 81' lang='lat' dir='ltr'>indultum</span> <span class='ocrx_word' id='word_1_16' title='bbox 789 510 1258 563; x_wconf 81' lang='lat' dir='ltr'>animadvertiffem.</span> <span class='ocrx_word' id='word_1_17' title='bbox 1362 517 1536 564; x_wconf 85' lang='lat' dir='ltr'>Sicubi</span> 
     </span>
     <span class='ocr_line' id='line_1_5' title="bbox 212 610 1538 678; baseline 0.005 -20"><span class='ocrx_word' id='word_1_18' title='bbox 212 622 382 659; x_wconf 88' lang='lat' dir='ltr'>tamen</span> <span class='ocrx_word' id='word_1_19' title='bbox 408 611 679 658; x_wconf 80' lang='lat' dir='ltr'>lectionem</span> <span class='ocrx_word' id='word_1_20' title='bbox 702 610 951 673; x_wconf 83' lang='lat' dir='ltr'>aliquam,</span> <span class='ocrx_word' id='word_1_21' title='bbox 1002 614 1244 669; x_wconf 88' lang='lat' dir='ltr'>omnibus</span> <span class='ocrx_word' id='word_1_22' title='bbox 1276 618 1538 678; x_wconf 81' lang='lat' dir='ltr'>pravitatis</span> 
     </span>
     <span class='ocr_line' id='line_1_6' title="bbox 212 708 1538 775; baseline 0.004 -16"><span class='ocrx_word' id='word_1_23' title='bbox 212 711 419 765; x_wconf 85' lang='lat' dir='ltr'>indiciis</span> <span class='ocrx_word' id='word_1_24' title='bbox 439 708 735 775; x_wconf 73' lang='lat' dir='ltr'>oppressam,</span> <span class='ocrx_word' id='word_1_25' title='bbox 771 712 1139 761; x_wconf 83' lang='lat' dir='ltr'>exturbandam</span> <span class='ocrx_word' id='word_1_26' title='bbox 1155 714 1395 763; x_wconf 88' lang='lat' dir='ltr'>iuberent</span> <span class='ocrx_word' id='word_1_27' title='bbox 1415 717 1538 765; x_wconf 64' lang='lat' dir='ltr'>&gt;artis</span> 
     </span>
     <span class='ocr_line' id='line_1_7' title="bbox 216 811 1540 876; baseline 0.006 -18"><span class='ocrx_word' id='word_1_28' title='bbox 216 813 417 860; x_wconf 83' lang='lat' dir='ltr'>criticae</span> <span class='ocrx_word' id='word_1_29' title='bbox 440 813 683 876; x_wconf 82' lang='lat' dir='ltr'>regulae,</span> <span class='ocrx_word' id='word_1_30' title='bbox 730 821 780 858; x_wconf 91' lang='lat' dir='ltr'>et</span> <span class='ocrx_word' id='word_1_31' title='bbox 811 811 871 858; x_wconf 90' lang='lat' dir='ltr'>ab</span> <span class='ocrx_word' id='word_1_32' title='bbox 906 813 1080 876; x_wconf 82' lang='lat' dir='ltr'>aliquo</span> <span class='ocrx_word' id='word_1_33' title='bbox 1111 813 1263 864; x_wconf 86' lang='lat' dir='ltr'>docto</span> <span class='ocrx_word' id='word_1_34' title='bbox 1287 817 1402 865; x_wconf 85' lang='lat' dir='ltr'>viro</span> <span class='ocrx_word' id='word_1_35' title='bbox 1425 815 1540 866; x_wconf 81' lang='lat' dir='ltr'>satis</span> 
     </span>
     <span class='ocr_line' id='line_1_8' title="bbox 213 912 1541 978; baseline 0.004 -18"><span class='ocrx_word' id='word_1_36' title='bbox 213 914 479 978; x_wconf 83' lang='lat' dir='ltr'>probabile</span> <span class='ocrx_word' id='word_1_37' title='bbox 499 912 783 961; x_wconf 84' lang='lat' dir='ltr'>medicinae</span> <span class='ocrx_word' id='word_1_38' title='bbox 804 915 1212 977; x_wconf 82' lang='lat' dir='ltr'>experimentum</span> <span class='ocrx_word' id='word_1_39' title='bbox 1238 915 1430 977; x_wconf 70' lang='lat' dir='ltr'>factum</span> <span class='ocrx_word' id='word_1_40' title='bbox 1453 917 1541 965; x_wconf 82' lang='lat' dir='ltr'>de-</span> 
     </span>
     <span class='ocr_line' id='line_1_9' title="bbox 214 1014 1564 1081; baseline 0.002 -21"><span class='ocrx_word' id='word_1_41' title='bbox 214 1014 606 1079; x_wconf 82' lang='lat' dir='ltr'>prehenderem,</span> <span class='ocrx_word' id='word_1_42' title='bbox 642 1014 788 1070; x_wconf 89' lang='lat' dir='ltr'>hanc,</span> <span class='ocrx_word' id='word_1_43' title='bbox 825 1015 1218 1081; x_wconf 87' lang='lat' dir='ltr'>reclamantibus</span> <span class='ocrx_word' id='word_1_44' title='bbox 1235 1017 1355 1063; x_wconf 86' lang='lat' dir='ltr'>licet</span> <span class='ocrx_word' id='word_1_45' title='bbox 1370 1019 1564 1067; x_wconf 74' lang='lat' dir='ltr'>omni-.</span> 
     </span>
     <span class='ocr_line' id='line_1_10' title="bbox 214 1099 1534 1179; baseline 0.002 -17"><span class='ocrx_word' id='word_1_46' title='bbox 214 1115 310 1163; x_wconf 86' lang='lat' dir='ltr'>bus</span> <span class='ocrx_word' id='word_1_47' title='bbox 356 1116 524 1171; x_wconf 82' lang='lat' dir='ltr'>libris,</span> <span class='ocrx_word' id='word_1_48' title='bbox 589 1125 769 1179; x_wconf 86' lang='lat' dir='ltr'>poetae</span> <span class='ocrx_word' id='word_1_49' title='bbox 817 1114 1092 1163; x_wconf 85' lang='lat' dir='ltr'>admovere</span> <span class='ocrx_word' id='word_1_50' title='bbox 1134 1133 1244 1164; x_wconf 91' lang='lat' dir='ltr'>non</span> <span class='ocrx_word' id='word_1_51' title='bbox 1284 1099 1534 1166; x_wconf 81' lang='lat' dir='ltr'>dubitavi.</span> 
     </span>
     <span class='ocr_line' id='line_1_11' title="bbox 211 1211 1540 1283; baseline 0.002 -19"><span class='ocrx_word' id='word_1_52' title='bbox 211 1217 388 1265; x_wconf 84' lang='lat' dir='ltr'>Multo</span> <span class='ocrx_word' id='word_1_53' title='bbox 422 1217 581 1280; x_wconf 83' lang='lat' dir='ltr'>magis</span> <span class='ocrx_word' id='word_1_54' title='bbox 613 1215 747 1263; x_wconf 87' lang='lat' dir='ltr'>mihi</span> <span class='ocrx_word' id='word_1_55' title='bbox 783 1215 936 1265; x_wconf 87' lang='lat' dir='ltr'>licere</span> <span class='ocrx_word' id='word_1_56' title='bbox 968 1218 1149 1280; x_wconf 87' lang='lat' dir='ltr'>putavi</span> <span class='ocrx_word' id='word_1_57' title='bbox 1182 1211 1240 1266; x_wconf 82' lang='lat' dir='ltr'>iii</span> <span class='ocrx_word' id='word_1_58' title='bbox 1270 1219 1540 1283; x_wconf 87' lang='lat' dir='ltr'>interpun-</span> 
     </span>
     <span class='ocr_line' id='line_1_12' title="bbox 214 1310 1539 1381; baseline 0.002 -17"><span class='ocrx_word' id='word_1_59' title='bbox 214 1319 382 1366; x_wconf 85' lang='lat' dir='ltr'>ctione</span> <span class='ocrx_word' id='word_1_60' title='bbox 411 1315 666 1374; x_wconf 84' lang='lat' dir='ltr'>facienda‚</span> <span class='ocrx_word' id='word_1_61' title='bbox 729 1332 859 1380; x_wconf 90' lang='lat' dir='ltr'>quae</span> <span class='ocrx_word' id='word_1_62' title='bbox 894 1316 1109 1381; x_wconf 87' lang='lat' dir='ltr'>quidem</span> <span class='ocrx_word' id='word_1_63' title='bbox 1138 1320 1360 1368; x_wconf 84' lang='lat' dir='ltr'>exactius</span> <span class='ocrx_word' id='word_1_64' title='bbox 1396 1310 1539 1367; x_wconf 85' lang='lat' dir='ltr'>insti-</span> 
     </span>
     <span class='ocr_line' id='line_1_13' title="bbox 215 1415 1574 1482; baseline 0.003 -14"><span class='ocrx_word' id='word_1_65' title='bbox 215 1431 322 1468; x_wconf 85' lang='lat' dir='ltr'>tuta</span> <span class='ocrx_word' id='word_1_66' title='bbox 347 1419 450 1466; x_wconf 87' lang='lat' dir='ltr'>dici</span> <span class='ocrx_word' id='word_1_67' title='bbox 480 1420 570 1465; x_wconf 85' lang='lat' dir='ltr'>vix</span> <span class='ocrx_word' id='word_1_68' title='bbox 593 1415 780 1482; x_wconf 82' lang='lat' dir='ltr'>potest,</span> <span class='ocrx_word' id='word_1_69' title='bbox 828 1428 1079 1481; x_wconf 84' lang='lat' dir='ltr'>quantum</span> <span class='ocrx_word' id='word_1_70' title='bbox 1113 1418 1332 1468; x_wconf 78' lang='lat' dir='ltr'>subinde</span> <span class='ocrx_word' id='word_1_71' title='bbox 1359 1420 1425 1468; x_wconf 82' lang='lat' dir='ltr'>ad</span> <span class='ocrx_word' id='word_1_72' title='bbox 1455 1437 1538 1469; x_wconf 83' lang='lat' dir='ltr'>ex-</span> <span class='ocrx_word' id='word_1_73' title='bbox 1560 1464 1574 1471; x_wconf 34' lang='lat' dir='ltr'>r</span> 
     </span>
     <span class='ocr_line' id='line_1_14' title="bbox 177 1516 1539 1586; baseline 0.001 -18"><span class='ocrx_word' id='word_1_74' title='bbox 177 1527 179 1529; x_wconf 77' lang='grc'>’</span> <span class='ocrx_word' id='word_1_75' title='bbox 214 1519 523 1586; x_wconf 83' lang='lat' dir='ltr'>pediendam</span> <span class='ocrx_word' id='word_1_76' title='bbox 555 1516 854 1567; x_wconf 81' lang='lat' dir='ltr'>sententiam</span> <span class='ocrx_word' id='word_1_77' title='bbox 882 1518 1168 1568; x_wconf 75' lang='lat' dir='ltr'>adjumenti</span> <span class='ocrx_word' id='word_1_78' title='bbox 1194 1519 1399 1569; x_wconf 86' lang='lat' dir='ltr'>adferat.</span> <span class='ocrx_word' id='word_1_79' title='bbox 1439 1521 1539 1571; x_wconf 81' lang='lat' dir='ltr'>Sed</span> 
     </span>
     <span class='ocr_line' id='line_1_15' title="bbox 215 1595 1540 1686; baseline 0.001 -16"><span class='ocrx_word' id='word_1_80' title='bbox 215 1622 278 1670; x_wconf 87' lang='lat' dir='ltr'>de</span> <span class='ocrx_word' id='word_1_81' title='bbox 305 1622 386 1670; x_wconf 81' lang='lat' dir='ltr'>his</span> <span class='ocrx_word' id='word_1_82' title='bbox 422 1595 646 1667; x_wconf 83' lang='lat' dir='ltr'>curatius</span> <span class='ocrx_word' id='word_1_83' title='bbox 678 1619 862 1684; x_wconf 83' lang='lat' dir='ltr'>agendi</span> <span class='ocrx_word' id='word_1_84' title='bbox 899 1619 1045 1668; x_wconf 86' lang='lat' dir='ltr'>locus</span> <span class='ocrx_word' id='word_1_85' title='bbox 1083 1622 1180 1667; x_wconf 84' lang='lat' dir='ltr'>erit</span> <span class='ocrx_word' id='word_1_86' title='bbox 1212 1622 1270 1669; x_wconf 89' lang='lat' dir='ltr'>in</span> <span class='ocrx_word' id='word_1_87' title='bbox 1297 1621 1540 1686; x_wconf 70' lang='lat' dir='ltr'>singulari</span> 
     </span>
    </p>
   </div>
   <div class='ocr_carea' id='block_1_3' title="bbox 212 1719 1541 1786">
    <p class='ocr_par' dir='ltr' id='par_1_3' title="bbox 212 1719 1541 1786">
     <span class='ocr_line' id='line_1_16' title="bbox 212 1719 1541 1786; baseline 0 -16"><span class='ocrx_word' id='word_1_88' title='bbox 212 1722 515 1778; x_wconf 78' lang='lat' dir='ltr'>volumine,</span> <span class='ocrx_word' id='word_1_89' title='bbox 555 1720 700 1785; x_wconf 85' lang='lat' dir='ltr'>quod</span> <span class='ocrx_word' id='word_1_90' title='bbox 721 1719 871 1768; x_wconf 76' lang='lat' dir='ltr'>crisin</span> <span class='ocrx_word' id='word_1_91' title='bbox 891 1722 948 1768; x_wconf 91' lang='lat' dir='ltr'>in</span> <span class='ocrx_word' id='word_1_92' title='bbox 973 1721 1145 1769; x_wconf 90' lang='lat' dir='ltr'>omnia</span> <span class='ocrx_word' id='word_1_93' title='bbox 1162 1723 1364 1770; x_wconf 85' lang='lat' dir='ltr'>Horatii</span> <span class='ocrx_word' id='word_1_94' title='bbox 1387 1739 1541 1786; x_wconf 88' lang='lat' dir='ltr'>opera</span> 
     </span>
    </p>
   </div>
   <div class='ocr_carea' id='block_1_4' title="bbox 210 1763 1562 2498">
    <p class='ocr_par' dir='ltr' id='par_1_4' title="bbox 210 1763 1562 2498">
     <span class='ocr_line' id='line_1_17' title="bbox 879 1763 899 1793; baseline 0 0"><span class='ocrx_word' id='word_1_95' title='bbox 879 1763 899 1793; x_wconf 72' lang='lat' dir='ltr'>x.</span> 
     </span>
     <span class='ocr_line' id='line_1_18' title="bbox 216 1820 1540 1887; baseline 0 -16"><span class='ocrx_word' id='word_1_96' title='bbox 216 1824 607 1887; x_wconf 85' lang='lat' dir='ltr'>complectetur,</span> <span class='ocrx_word' id='word_1_97' title='bbox 647 1837 799 1884; x_wconf 89' lang='lat' dir='ltr'>quam</span> <span class='ocrx_word' id='word_1_98' title='bbox 818 1820 1033 1884; x_wconf 87' lang='lat' dir='ltr'>quidem</span> <span class='ocrx_word' id='word_1_99' title='bbox 1051 1831 1112 1868; x_wconf 88' lang='lat' dir='ltr'>ut</span> <span class='ocrx_word' id='word_1_100' title='bbox 1130 1821 1289 1886; x_wconf 29' lang='lat' dir='ltr'>plane.</span> <span class='ocrx_word' id='word_1_101' title='bbox 1304 1823 1364 1870; x_wconf 82' lang='lat' dir='ltr'>ab</span> <span class='ocrx_word' id='word_1_102' title='bbox 1383 1823 1540 1871; x_wconf 89' lang='lat' dir='ltr'>inter-</span> 
     </span>
     <span class='ocr_line' id='line_1_19' title="bbox 213 1921 1540 1990; baseline 0.002 -20"><span class='ocrx_word' id='word_1_103' title='bbox 213 1925 498 1990; x_wconf 75' lang='lat' dir='ltr'>pretatione</span> <span class='ocrx_word' id='word_1_104' title='bbox 522 1921 869 1985; x_wconf 79' lang='lat' dir='ltr'>[eiungerem‚</span> <span class='ocrx_word' id='word_1_105' title='bbox 906 1922 1146 1986; x_wconf 87' lang='lat' dir='ltr'>pluribus</span> <span class='ocrx_word' id='word_1_106' title='bbox 1171 1922 1236 1970; x_wconf 87' lang='lat' dir='ltr'>de</span> <span class='ocrx_word' id='word_1_107' title='bbox 1267 1922 1434 1977; x_wconf 85' lang='lat' dir='ltr'>cauffis</span> <span class='ocrx_word' id='word_1_108' title='bbox 1457 1925 1540 1972; x_wconf 89' lang='lat' dir='ltr'>in-</span> 
     </span>
     <span class='ocr_line' id='line_1_20' title="bbox 212 2019 1535 2080; baseline 0 -6"><span class='ocrx_word' id='word_1_109' title='bbox 212 2027 398 2074; x_wconf 82' lang='lat' dir='ltr'>ductus</span> <span class='ocrx_word' id='word_1_110' title='bbox 427 2022 553 2071; x_wconf 82' lang='lat' dir='ltr'>sum.</span> <span class='ocrx_word' id='word_1_111' title='bbox 640 2026 841 2069; x_wconf 87' lang='lat' dir='ltr'>Praeter</span> <span class='ocrx_word' id='word_1_112' title='bbox 868 2019 1005 2070; x_wconf 88' lang='lat' dir='ltr'>istud</span> <span class='ocrx_word' id='word_1_113' title='bbox 1037 2033 1236 2080; x_wconf 85' lang='lat' dir='ltr'>autem,</span> <span class='ocrx_word' id='word_1_114' title='bbox 1290 2034 1351 2072; x_wconf 89' lang='lat' dir='ltr'>ut</span> <span class='ocrx_word' id='word_1_115' title='bbox 1375 2026 1535 2076; x_wconf 84' lang='lat' dir='ltr'>verbo</span> 
     </span>
     <span class='ocr_line' id='line_1_21' title="bbox 212 2123 1536 2189; baseline -0.002 -13"><span class='ocrx_word' id='word_1_116' title='bbox 212 2128 384 2176; x_wconf 80' lang='lat' dir='ltr'>saltem</span> <span class='ocrx_word' id='word_1_117' title='bbox 418 2134 676 2172; x_wconf 85' lang='lat' dir='ltr'>externam</span> <span class='ocrx_word' id='word_1_118' title='bbox 705 2124 901 2186; x_wconf 65' lang='lat' dir='ltr'>operis,</span> <span class='ocrx_word' id='word_1_119' title='bbox 948 2123 1094 2187; x_wconf 90' lang='lat' dir='ltr'>quod.</span> <span class='ocrx_word' id='word_1_120' title='bbox 1144 2125 1406 2189; x_wconf 90' lang='lat' dir='ltr'>reliquum</span> <span class='ocrx_word' id='word_1_121' title='bbox 1451 2126 1536 2184; x_wconf 83' lang='lat' dir='ltr'>est,</span> 
     </span>
     <span class='ocr_line' id='line_1_22' title="bbox 211 2223 1536 2288; baseline -0.002 -11"><span class='ocrx_word' id='word_1_122' title='bbox 211 2228 431 2277; x_wconf 85' lang='lat' dir='ltr'>formam</span> <span class='ocrx_word' id='word_1_123' title='bbox 450 2224 702 2280; x_wconf 85' lang='lat' dir='ltr'>indicem,</span> <span class='ocrx_word' id='word_1_124' title='bbox 738 2223 1016 2288; x_wconf 84' lang='lat' dir='ltr'>sequentur</span> <span class='ocrx_word' id='word_1_125' title='bbox 1045 2223 1151 2273; x_wconf 90' lang='lat' dir='ltr'>duo</span> <span class='ocrx_word' id='word_1_126' title='bbox 1175 2225 1272 2273; x_wconf 86' lang='lat' dir='ltr'>alia</span> <span class='ocrx_word' id='word_1_127' title='bbox 1300 2227 1536 2275; x_wconf 86' lang='lat' dir='ltr'>Volumi-</span> 
     </span>
     <span class='ocr_line' id='line_1_23' title="bbox 211 2325 1535 2393; baseline 0 -17"><span class='ocrx_word' id='word_1_128' title='bbox 211 2347 302 2386; x_wconf 85' lang='lat' dir='ltr'>na,</span> <span class='ocrx_word' id='word_1_129' title='bbox 354 2341 582 2392; x_wconf 87' lang='lat' dir='ltr'>quorum</span> <span class='ocrx_word' id='word_1_130' title='bbox 638 2326 784 2390; x_wconf 81' lang='lat' dir='ltr'>prius</span> <span class='ocrx_word' id='word_1_131' title='bbox 841 2327 1108 2393; x_wconf 77' lang='lat' dir='ltr'>Sermones</span> <span class='ocrx_word' id='word_1_132' title='bbox 1160 2336 1212 2374; x_wconf 87' lang='lat' dir='ltr'>et</span> <span class='ocrx_word' id='word_1_133' title='bbox 1271 2325 1535 2390; x_wconf 85' lang='lat' dir='ltr'>Epistolas‚</span> 
     </span>
     <span class='ocr_line' id='line_1_24' title="bbox 210 2424 1562 2498; baseline -0.004 -19"><span class='ocrx_word' id='word_1_134' title='bbox 210 2429 463 2498; x_wconf 82' lang='lat' dir='ltr'>posterius</span> <span class='ocrx_word' id='word_1_135' title='bbox 506 2428 682 2476; x_wconf 77' lang='lat' dir='ltr'>Artem</span> <span class='ocrx_word' id='word_1_136' title='bbox 721 2441 843 2475; x_wconf 87' lang='lat' dir='ltr'>cum</span> <span class='ocrx_word' id='word_1_137' title='bbox 891 2424 1064 2475; x_wconf 84' lang='lat' dir='ltr'>Indice</span> <span class='ocrx_word' id='word_1_138' title='bbox 1110 2426 1376 2477; x_wconf 76' lang='lat' dir='ltr'>uberrimo</span> <span class='ocrx_word' id='word_1_139' title='bbox 1413 2446 1562 2479; x_wconf 84' lang='lat' dir='ltr'>con-.</span> 
     </span>
    </p>
   </div>
   <div class='ocr_carea' id='block_1_5' title="bbox 210 2531 1534 2680">
    <p class='ocr_par' dir='ltr' id='par_1_5' title="bbox 210 2531 1534 2680">
     <span class='ocr_line' id='line_1_25' title="bbox 210 2531 406 2580; baseline -0.02 0"><span class='ocrx_word' id='word_1_140' title='bbox 210 2531 406 2580; x_wconf 88' lang='lat' dir='ltr'>tinebit.</span> 
     </span>
     <span class='ocr_line' id='line_1_26' title="bbox 1433 2632 1534 2680; baseline 0 0"><span class='ocrx_word' id='word_1_141' title='bbox 1433 2632 1534 2680; x_wconf 89' lang='lat' dir='ltr'>Co-</span> 
     </span>
    </p>
   </div>
  </div>
 </body>
</html>
