1664 3112
1319 171 1419 202 CLV

286 482 345 548 Q·
404 471 805 527 HOR'ATII
862 447 1203 525 FLAcci

411 595 485 671 V
620 596 658 667 I

798 596 865 664 T
1002 594 1074 667 A

616 745 877 776 Avc'ronn

120 849 165 885 C.
248 844 701 886 SVETONIO

771 841 1367 890 TRANQvtLLo.

65 1051 170 1170 Q.
189 1095 422 1144 Horatius
442 1094 664 1150 Flaccus,
698 1090 999 1152 Venufinus,
1033 1104 1191 1156 patre,
1236 1103 1294 1138 ut
1319 1090 1417 1155 ipse
1443 1113 1459 1136 ι

67 1178 267 1243 quidem
293 1176 456 1235 tradit,
488 1175 720 1222 libertino
746 1186 794 1220 et
825 1175 1173 1221 exauctionum
1193 1185 1427 1231 coactore‚

58 1262 176 1326 [ut
182 1274 299 1308 vero
339 1257 578 1306 creditum
620 1253 706 1308 est,

115 1499 338 1546 Suetonium
361 1498 622 1548 Tranquillum
636 1511 720 1535 con-

61 1555 127 1593 ssat
145 1555 312 1592 libellum
334 1557 500 1606 sciipliss'o
521 1557 566 1591 de
583 1557 719 1606 poetis,

52 1624 140 1668 quo
172 1625 300 1648 eorum
329 1613 424 1648 vitas
467 1612 721 1662 complectere-

62 1678 136 1711 ως.
174 1660 315 1704 vzlsid.
347 1669 576 1720 Orig.V111.
601 1680 637 1711 7.
662 1672 720 1705 Ex

62 1737 107 1761 eo
145 1726 337 1761 servarunt
372 1726 447 1760 viri
490 1725 589 1760 docti
626 1725 722 1760 vitas

47 1777 224 1826 ‚Lucani‚
257 1781 421 1816 Terentii
451 1790 519 1816 cet.
575 1784 654 1816 Iam
684 1781 724 1815 in

63 1836 251 1885 codicibus
290 1836 450 1884 antiquis
498 1846 642 1885 reperta
679 1833 726 1871 est

62 1893 142 1929 vita
164 1892 337 1932 Horatii,
378 1905 470 1940 quae
501 1892 630 1928 diserto
664 1893 728 1926 tri-

62 1949 238 1984 bueretm·
255 1949 445 1984 Suetonio.
474 1945 565 1983 Eam
582 1948 727 1997 primus

65 2007 106 2040 P.
137 2004 308 2042 Nannius
337 2017 356 2039 e
393 2004 476 2039 cod.
510 2005 726 2040 Buslidiano

21 2068 23 2075 ’
68 2060 386 2109 Miscellaneorum
399 2060 648 2097 suorum'libri
658 2063 724 2095 111.

58 2130 96 2154 9·
122 2131 156 2152 1.
175 2117 386 2152 inseruerat.
444 2117 589 2152 Deinde
609 2130 628 2152 e
644 2116 724 2152 cod.

65 2172 195 2219 and.
229 2173 413 2221 autiquiss'.
446 2185 466 2208 a
499 2173 724 2209 Bernardino
765 2172 940 2222 scriptum
970 2173 1050 2224 effe.

65 2229 286 2268 Lauredano'
322 2239 504 2278 acceptam
553 2231 726 2264 Muretus

23 2284 31 2309 1
68 2285 224 2325 editioni
244 2286 325 2322 suae
353 2299 384 2320 a.
407 2293 524 2330 1555.
554 2286 729 2334 praefixe-

65 2343 143 2382 ῐὲίῐ,
182 2339 320 2390 [ibique
349 2342 493 2391 primus
526 2342 630 2376 edere
648 2354 730 2391 per·

57 2403 191 2448 petam
202 2399 300 2433 visus
310 2408 399 2433 erat
431 2397 511 2433 Post
530 2408 566 2432 et
587 2398 727 2445 Cruqu.

33 2488 35 2490 .
51 2466 116 2511 ex
133 2454 262 2490 eodem
292 2454 373 2490 cod.
406 2453 534 2490 edidit.
573 2455 732 2490 Mendo·

51 2491 194 2547 fiffima
214 2511 324 2546 initio
352 2520 448 2550 erat,
480 2511 537 2546 sed
558 2511 634 2547 viri
667 2511 730 2545 do·

69 2566 122 2605 αἱ
141 2567 217 2615 post
235 2579 254 2602 e
282 2567 435 2608 vetustis
457 2569 561 2603 MSS.
587 2578 623 2602 et
645 2566 731 2602 co'n-

58 2612 209 2665 ‘iectura
254 2622 428 2672 pleraque
477 2623 730 2662 emendzuunt,

71 2676 242 2728 inprimis
291 2681 528 2732 Rntgerfiuu,
589 2681 731 2717 Grono-

763 1254 1118 1344 salsamentario
1129 1293 1142 1316 ,
1202 1273 1316 1303 cum
1349 1256 1429 1301 illi

1322 1354 1386 1400 qu
1392 1354 1427 1383 ι-

893 1498 1137 1539 casaubonus,
1165 1498 1324 1536 Voffius.
1356 1497 1428 1534 Sed

765 1557 898 1592 effetne
919 1569 959 1591 ea
977 1555 1055 1591 vita
1071 1555 1225 1592 omnino
1246 1556 1434 1594 Suetonii.

764 1626 896 1652 necne,
927 1612 1138 1647 dubitatum
1160 1612 1217 1647 eft.
1249 1608 1323 1660 Qui
1335 1611 1426 1646 istud
1486 1631 1488 1633 >

766 1669 990 1707 detendunt,
1029 1678 1167 1719 urgent
1198 1669 1273 1703 fere
1305 1659 1429 1703 sm‘xili-

769 1725 938 1760 tudinem
987 1724 1158 1759 dictionis
1217 1737 1300 1759 cum
1349 1723 1429 1759 stilo

770 1781 948 1817 Suetonii.
995 1782 1095 1828 Quae
1117 1780 1202 1815 licet
1223 1780 1349 1831 negari
1370 1793 1430 1815 ne-

772 1847 903 1884 queam
949 1846 1071 1871 tamen
1102 1836 1302 1871 admodum
1331 1836 1432 1871 infir·

771 1905 875 1927 mum
909 1906 928 1927 e
959 1891 1024 1926 tali
1056 1892 1296 1928 fimilitudine
1324 1904 1432 1943 argu-

772 1959 940 1983 mentum
962 1948 1020 1983 est.
1075 1948 1174 1983 Illud
1202 1958 1322 1984 autem
1352 1962 1433 2000 gr-zi

771 2005 879 2044 vius,
948 2003 1047 2052 quod
1101 2005 1249 2053 Porph)
1253 2006 1336 2040 riou
1386 2005 1431 2039 ad

770 2062 880 2110 Epist.
902 2063 948 2096 11.
975 2074 991 2094 1
1013 2073 1068 2110 pr.
1083 2061 1225 2096 scribit:
1255 2062 1431 2109 Apparet,

771 2118 860 2152 hunc
912 2117 1039 2153 librum
1078 2118 1222 2154 hortatu
1272 2116 1433 2166 Caesaris

763 1499 862 1540 vius,

1112 2176 1219 2210 Cuius
1242 2177 1292 2209 rei
1324 2177 1432 2210 etiam

774 2231 958 2265 Suetonius
980 2242 1104 2266 auctor
1126 2229 1188 2280 est.
1217 2232 1311 2266 Nam
1333 2230 1434 2278 apud

773 2299 852 2321 eum
881 2284 1032 2335 epistola
1064 2289 1238 2322 invenitur
1269 2283 1436 2336 Augusti,

774 2344 986 2389 increpantis
1006 2344 1214 2381 Horatium,
1252 2344 1346 2392 quod
1367 2355 1438 2377 non

774 2396 878 2446 adse
921 2412 1056 2448 quoque
1097 2400 1251 2447 plurima
1285 2397 1437 2448 scribat·

774 2456 858 2490 Hoc
875 2454 1027 2502 inquam
1060 2454 1144 2504 plus
1166 2454 1350 2490 momenti
1377 2453 1438 2489 ha-

775 2510 856 2551 bet;
895 2523 1119 2559 quamquam
1150 2521 1204 2549 et,
1251 2512 1276 2545 fi
1308 2510 1438 2546 durior

775 2568 838 2605 sis,
867 2565 987 2602 dicere
1006 2567 1139 2616 poffis,
1175 2580 1252 2602 non
1272 2566 1356 2602 ideo
1378 2580 1439 2602 ne·

776 2623 864 2658 ceffe
887 2622 977 2664 effe,
1007 2633 1050 2659 ut
1069 2623 1166 2663 haec,
1197 2636 1306 2671 quam
1327 2623 1439 2659 hodie

775 2678 976 2720 habemus,
1017 2680 1166 2716 Horatii
1197 2680 1276 2717 vita
1306 2693 1324 2715 a
1354 2682 1441 2716 Sue·

1330 2745 1437 2772 tomo
