1578 3126
406 218 857 253 con1011³vs
913 205 1107 251 Μ55.“
1340 218 1443 251 xm

78 336 238 378 librarii
259 350 431 383 manus,
473 336 541 378 sed
561 339 690 378 etiam
710 337 810 378 folia
837 337 988 393 singuli
1006 336 1215 391 manipuli
1245 337 1443 391 appositis

78 407 293 453 numeris,
326 406 396 451 al,
419 404 487 451 32,
509 404 557 445 a3
583 415 663 446 cet.
734 407 785 446 In
807 407 890 446 fine
913 406 1118 460 manipuli
1139 406 1341 458 cuiusque
1375 418 1444 444 cu·

78 473 161 515 stos
181 474 252 514 est.
326 474 576 514 Membrana
609 474 746 514 adhuc
774 473 867 514 satis
891 487 1026 519 nova,
1071 482 1354 514 atramentum
1380 474 1445 512 ni-

78 555 230 598 grum,
265 542 363 582 licet
383 542 621 596 pallescens.
661 542 782 597 Quae
802 543 960 587 omnia,
991 551 1155 595 praeter
1176 542 1326 582 ductus
1348 541 1443 581 cha-

77 620 310 655 racterum,
365 611 556 650 codicem
597 611 830 650 admodum
866 618 1081 650 recentem
1109 618 1304 664 arguunt.
1373 609 1445 649 Est

77 678 148 717 ille
183 678 332 718 litteris
359 678 544 733 gothicis
573 679 788 732 eleganter.
801 686 843 716 et
863 691 959 716 cum
986 691 1082 716 cura
1105 677 1292 730 scriptus.
1362 678 1446 717 Vo-

78 745 327 785 cabalorum
348 745 599 797 compendia
615 746 660 782 in
681 757 732 783 eo
750 745 945 796 plurima.
1003 745 1189 784 Initiales
1205 745 1446 784 carminum

79 813 312 854 admodum
332 812 500 850 minuto
521 810 753 850 charactere
772 811 1052 866 defignantur.
1106 811 1316 852 Continet
1337 813 1445 852 liber

66 863 139 921 'IV
165 879 296 920 libros
326 878 540 924 Odamm,
583 879 741 918 librum
770 879 1022 932 Epodorum
1049 887 1091 918 et
1111 892 1280 919 carmen
1310 879 1446 920 saecu-

16 984 23 986 .
77 947 201 994 lare,
227 948 313 987 fine
342 947 550 987 librorum
578 947 785 986 divifione
815 955 858 986 et
888 947 1042 986 titulis:
1089 948 1166 987 nifi
1198 949 1312 1000 quod
1334 949 1446 988 inter

76 1015 254 1070 singulas
274 1015 375 1056 odas
393 1028 476 1055 una
496 1015 606 1054 linea
626 1028 756 1054 vacua
774 1015 917 1054 relicta
936 1015 1012 1060 est,
1046 1016 1091 1055 in
1110 1029 1190 1069 qua
1212 1014 1339 1055 serior
1361 1029 1446 1055 ma-

76 1083 424 1137 nusquibusdam
445 1083 538 1123 odis
562 1081 879 1136 inscriptionem
899 1081 1037 1136 posuit
1050 1097 1062 1130 ;
1108 1096 1213 1137 quae
1230 1093 1272 1123 et
1299 1083 1445 1124 omiffa

76 1163 100 1190 a
118 1150 288 1191 librario
311 1150 543 1204 supplevit,
576 1151 764 1203 vitiaque
794 1149 1054 1191 emendavit.
1125 1151 1351 1196 Lectiones
1382 1154 1444 1191 in-

2 1276 13 1280 -
76 1219 247 1259 terdum
268 1218 567 1259 memorabiles
587 1217 738 1265 habet,
765 1227 814 1258 ut
835 1218 975 1260 Carm.
1000 1219 1057 1260 11.
1078 1225 1125 1271 4.
1153 1231 1229 1260 c⁵0.
1274 1220 1443 1261 Scholia

78 1283 321 1340 pauciffima
348 1285 458 1326 sunt.

185 1353 339 1396 Codex
358 1362 538 1409 quartus
567 1355 703 1408 (pulp.
738 1355 772 1395 Ι.
801 1369 846 1395 n.
877 1361 955 1407 40.
962 1355 992 1406 )‚
1032 1355 1294 1402 chartaceus,
1329 1356 1373 1395 in
1396 1361 1443 1408 4.

79 1421 180 1462 Fuit
211 1422 340 1466 olim,
386 1431 434 1461 ut
467 1423 593 1463 docet
619 1423 829 1462 emblema
875 1437 896 1462 a
922 1422 1061 1463 fronte
1093 1421 1321 1470 insertum,
1378 1425 1443 1465 Io.

10 1499 15 1505 “
78 1489 260 1531 Christo.
290 1489 572 1546 VVagenseilii,
592 1500 636 1531 et
656 1491 814 1532 constat
832 1489 944 1531 foliis
968 1492 1240 1538 LXXXVIII,
1263 1505 1448 1545 qnorum

0 2411 7 2428 l

0 2426 12 2467 ᾖ

29 1567 33 1573 ⁴
79 1558 138 1598 IV
166 1559 302 1612 prima
341 1572 472 1598 vacua
506 1557 623 1606 sunt,
686 1560 742 1599 VI
773 1560 922 1598 ultima
954 1560 1014 1598 nil
1044 1568 1207 1613 praeter
1230 1574 1359 1614 pauca
1389 1561 1443 1600 de

38 1631 40 1635 ’
78 1627 225 1674 metris
246 1627 442 1673 odarum,
480 1640 609 1681 eaque
629 1627 786 1667 nullius
805 1628 1040 1674 momenti,
1086 1629 1250 1683 paginis
1275 1627 1344 1669 sex
1375 1642 1443 1668 ex·

80 1693 244 1736 hibent.
283 1694 415 1736 Foliis
434 1708 637 1736 numeros
659 1696 775 1735 dedit
791 1697 926 1749 prima
943 1709 1107 1742 manus,
1138 1710 1271 1749 usque
1290 1698 1339 1737 ad
1361 1705 1441 1747 55.

79 1761 294 1817 Manipuli
314 1771 494 1816 quatuor
517 1764 679 1816 priora,
717 1776 814 1803 cum
845 1763 1048 1817 septimo,
1085 1763 1243 1803 habent
1269 1763 1370 1804 folia
1390 1765 1442 1811 X,

79 1831 252 1883 quintus
282 1830 378 1876 XII,
409 1829 548 1870 sextus
565 1832 676 1876 XVI,
707 1841 882 1871 octavus
903 1832 1100 1872 1V.1n
1132 1833 1332 1886 cuiusque
1361 1833 1446 1873 fine

82 1897 216 1938 custos
235 1897 306 1938 est.
378 1897 646 1939 Characteres
676 1899 910 1939 admodum
936 1899 1090 1939 similes
1119 1899 1338 1940 hodiernis
1364 1903 1448 1940 Ita-

80 1965 237 2006 lorum.
306 1964 575 2019 Compendia
606 1979 766 2006 vocum
807 1967 931 2007 valde
970 1968 1103 2007 multa
1140 1981 1186 2008 ac
1221 1965 1443 2019 impedita.

82 2031 242 2077 Omnia
257 2033 448 2087 produnt
465 2034 656 2074 codicem
676 2035 911 2074 admodum
927 2045 1157 2076 recentem.
1228 2037 1447 2086 Atramen-

78 2109 175 2140 tum
198 2100 292 2141 satis
323 2102 495 2157 nigrum
522 2102 681 2149 adhuc,
717 2103 813 2143 licet
832 2104 916 2143 iam
939 2104 1146 2145 inclinans
1173 2104 1223 2144 ad
1246 2106 1444 2146 rubicun-

19 2186 22 2190 ’
52 2195 63 2203 =
81 2169 184 2208 dum
203 2170 405 2210 colorem.
464 2169 555 2209 Nec
579 2170 697 2211 libris
715 2185 794 2211 nec
814 2172 907 2211 odis
926 2173 1095 2212 numeri
1117 2173 1228 2220 dati;
1261 2175 1444 2228 plerum-

78 2247 160 2290 que
182 2245 324 2277 tamen
346 2238 473 2277 unius
492 2238 626 2278 lineae
646 2237 821 2292 spatium
843 2241 954 2280 inter
970 2239 1042 2280 has
1059 2241 1269 2282 relictum.
1327 2242 1443 2284 Con-

81 2306 192 2345 tinet
225 2307 362 2346 codex
390 2307 515 2352 odas,
563 2307 724 2360 epodos
761 2317 803 2347 et
830 2321 999 2348 carmen
1038 2307 1259 2358 saeculare}
1315 2320 1358 2350 et
1386 2311 1444 2352 est

0 2361 19 2403 ἕ
77 2373 203 2414 valde
228 2372 380 2414 miore
394 2375 616 2415 exaratus:
667 2375 794 2415 habet
824 2385 965 2416 tamen
994 2376 1199 2417 lectiones
1228 2379 1446 2419 interdum

78 2441 153 2481 vix
168 2441 268 2480 alibi
288 2442 458 2491 obvias3
493 2456 529 2483 e.
555 2457 595 2498 g,
622 2443 762 2484 carm.
794 2444 827 2485 1.
857 2451 928 2497 14.
962 2454 1034 2497 15.
1102 2446 1271 2486 Scholia
1297 2445 1446 2500 passim

0 2507 17 2553 5
42 2521 202 2562 pauca
224 2508 387 2550 adsunt.

181 2575 364 2619 Codices
372 2578 576 2639 Altorsini
593 2577 697 2624 duo,
726 2581 771 2619 in
789 2576 1048 2621 bibliotheca
1070 2583 1317 2628 academica,
1341 2597 1444 2636 quo-

76 2656 173 2684 rum
203 2636 530 2700 descriptionem
561 2657 604 2703 et
630 2649 834 2689 lectiones
862 2649 926 2689 CI.
965 2649 1174 2705 Nagelius
1198 2652 1298 2692 inde
1329 2651 1378 2692 ab
1409 2666 1446 2694 a.

0 2708 3 2710 ’
40 2751 46 2755 ,
85 2713 211 2764 1766
252 2723 350 2754 octo
391 2715 568 2771 plagulis
603 2716 776 2773 lingulis
816 2718 969 2763 edidit,
1049 2732 1232 2771 quorum

1289 2789 1443 2843 primu}
