1664 3112
270 174 382 240 '⁵40
448 234 452 242 ,

661 193 710 238 Q·
752 195 980 228 floRA‘rII
1020 195 1204 230 FLAccr

345 305 507 355 Nodo
541 308 740 355 coerces
774 308 1015 371 viperino

553 393 879 444 Bistonidum
897 394 1014 444 sfine
1052 396 1236 448 fraude
1271 403 1448 452 crines.

271 559 385 612 Tu,

454 573 622 622 quum
653 559 876 622 parentis
915 576 1070 625 regna
1104 579 1198 627 per
1230 565 1454 615 arduum

269 643 473 694 Cohors
500 646 779 710 Gigantum
809 646 1070 697 scanderet
1090 651 1266 716 impia,

267 870 347 912 lus,
375 884 395 907 a
422 883 495 920 quo
523 872 671 909 τελεταὶ
697 875 845 911 traditae
873 889 913 912 ac

268 930 511 978 propagatae)
542 931 634 964 nodo
657 933 829 977 viperino,
858 934 913 967 vi-

267 983 386 1030 peris,
424 985 599 1030 serpentes
627 985 789 1032 implicas
827 989 914 1022 Bac-

268 1037 418 1072 charum
458 1038 618 1073 crinibus
654 1039 734 1089 fine
763 1039 911 1088 fraude,

267 1094 340 1128 fine
378 1105 493 1131 noxa,
530 1094 698 1140 impune:
736 1108 831 1135 non,
868 1107 911 1131 ut

266 1146 342 1182 illis
373 1146 427 1181 nil
473 1157 624 1182 noceant
659 1150 824 1196 viperae,
869 1161 912 1185 ut

265 1202 340 1236 fere
364 1201 496 1236 volunt
528 1202 648 1250 intpp.
661 1230 674 1248 ,
702 1204 759 1238 sed
777 1205 911 1240 Bacchi

268 1258 450 1303 respectu,
481 1258 552 1291 fine
573 1270 668 1292 noxa
688 1267 815 1294 tractas
840 1272 913 1293 ma-

265 1310 374 1345 nibus
403 1310 568 1358 viperas,
608 1325 736 1358 easque
762 1313 912 1348 Baccha-

266 1378 352 1400 rum
382 1365 542 1400 crinibus
570 1367 735 1400 innectis.
801 1368 912 1415 Apud

265 1420 480 1468 Euripidem
526 1421 654 1455 Bacch.
706 1434 792 1455 101.
849 1422 912 1456 fibi

268 1476 342 1523 ipse
372 1487 511 1510 comam
530 1475 754 1523 serpentibus
785 1477 910 1527 cingit,

267 1543 425 1577 eumque
489 1531 688 1577 sequuntur
731 1531 910 1566 Bacchae:

267 1582 477 1632 στεφάνωσέν
505 1599 545 1621 τε
572 1580 756 1635 δρακόντων
782 1584 913 1633 στεφά-

264 1653 350 1676 νοις·
404 1638 498 1675 ἔνθεν
545 1635 653 1689 ἄγραν
704 1639 911 1690 θηρστρᾶφοι

264 1690 442 1732 Μαινάδες
486 1692 787 1742 ἀμφιβάλλου-ναι
823 1699 909 1732 πλσ·

264 1748 403 1791 Μίμοις.
469 1751 538 1786 Sed
569 1761 604 1786 et
631 1751 796 1786 nebridas
823 1755 910 1787 Bac·

266 1805 416 1840 charum
445 1805 623 1856 anguibus
655 1819 832 1841 connexas
854 1807 910 1842 fu-

263 1860 326 1895 iffe
365 1860 477 1895 tradit
512 1862 642 1909 Eurip.
680 1871 770 1912 trag.
810 1861 906 1896 laud.

262 1928 302 1950 v.
331 1915 421 1959 665.
476 1916 564 1951 adde
602 1916 735 1952 catull.
773 1918 908 1955 LXIV.

264 1978 357 2016 258.
389 1971 549 2006 ubivide
561 1973 683 2020 Intpp.
739 1972 910 2023 Designa-

263 2035 324 2060 tur
349 2035 471 2060 autem
500 2027 650 2074 antiquo
668 2026 738 2061 hoc
763 2027 911 2077 figmen-

263 2090 304 2115 to
340 2093 471 2131 magna
506 2093 571 2129 per
598 2090 764 2116 naturam
799 2083 908 2117 huius

263 2135 325 2170 dei
362 2136 420 2171 vis
451 2149 490 2170 ac
522 2137 707 2184 potentia,
750 2137 810 2171 cui
836 2137 910 2176 vel,

263 2204 356 2238 quae
376 2191 453 2226 eius
473 2191 703 2227 efficaciffima
719 2191 909 2231 habentur,

262 2256 353 2294 puta
383 2247 530 2294 viperae
557 2259 762 2286 venenum,
796 2247 909 2282 subie-

263 2311 321 2334 cta
348 2303 437 2340 sint,
476 2301 572 2336 nihil
604 2315 720 2336 noxae
737 2301 906 2336 inferant.

264 2356 457 2391 Caeterum
487 2358 667 2405 Medusae
704 2371 818 2392 comas
849 2370 909 2390 an-

262 2410 398 2461 guibus
426 2411 568 2446 iuneicis
611 2411 761 2460 nodosas
802 2412 909 2447 fimili

264 2475 397 2501 ornatu
425 2477 533 2502 vocat
561 2467 674 2504 Ovid.
706 2470 812 2502 Pont.
842 2469 906 2502 ΙΙΙ.

265 2534 299 2555 ι.
325 2527 412 2568 124.

210 2570 214 2578 ¹
313 2589 348 2611 v.
372 2582 565 2623 21—24.
603 2575 764 2611 Bacchus
791 2587 908 2621 γιγαν-

227 2646 230 2650 ·
251 2631 421 2681 Ἰἰὀλέιὴυιρ.
480 2633 634 2684 Magnae
664 2633 742 2668 sane
761 2632 905 2671 Bacchi,

1418 738 1596 788 Rhoe-

955 889 1028 926 quo
1047 877 1269 926 antiquiores
1297 887 1423 927 poetae
1438 879 1519 915 vim
1538 881 1599 912 nd-

955 944 1056 968 turae
1085 943 1251 984 vegetam
1283 932 1602 982 repraesentabant,

954 998 1072 1036 partes
1101 990 1167 1023 effe
1213 987 1368 1024 debuere
1396 988 1436 1022 in
1465 987 1598 1023 fabulis

954 1043 1120 1090 phyfieis,
1139 1045 1179 1077 in
1195 1056 1316 1094 pugna
1339 1043 1504 1090 deorum}
1515 1054 1600 1077 cum

955 1098 1164 1137 Titanibus,
1222 1098 1444 1134 Centimanis
1473 1107 1510 1132 et
1535 1097 1598 1132 Gi-

955 1152 1146 1202 gantibus;
1193 1152 1382 1187 translatae
1417 1163 1507 1187 mox
1537 1152 1598 1185 ad-

953 1207 1126 1252 fictaeque
1157 1218 1216 1240 eae
1248 1206 1410 1242 eiusdem
1435 1207 1596 1241 nominis

954 1260 1060 1294 heroi
1077 1259 1248 1295 Thebano
1268 1273 1288 1294 a
1313 1262 1430 1308 poetis
1459 1261 1597 1296 seriori·

954 1313 1044 1353 bus,
1093 1327 1209 1361 quum
1238 1315 1300 1351 vel
1325 1328 1469 1355 rerum,
1507 1328 1598 1362 quae

954 1368 1158 1403 fabularum
1185 1369 1385 1406 involucris
1405 1370 1598 1419 proderen-
1618 1407 1624 1417 ι

954 1432 1037 1462 tur,
1063 1424 1230 1458 notiones
1249 1424 1389 1460 diverso
1408 1435 1598 1473 poetarum

954 1490 1010 1512 eas
1042 1478 1218 1511 tractandi
1245 1479 1356 1514 modo
1383 1479 1485 1527 plane
1505 1479 1598 1514 obli-

955 1542 1086 1567 teratae
1113 1533 1242 1572 essent,
1278 1533 1341 1568 vel
1370 1535 1518 1574 omnino
1546 1535 1597 1568 fa-

954 1587 1058 1622 bulae
1103 1600 1172 1635 pro
1219 1588 1330 1622 meris
1377 1590 1596 1624 ornamentis

952 1643 1101 1690 poeticis
1138 1642 1262 1677 haberi
1293 1652 1438 1690 coeptae
1473 1643 1592 1679 elram.

954 1697 1056 1735 Idem
1089 1698 1225 1732 factum
1251 1698 1292 1732 in
1326 1697 1482 1733 Hercule
1506 1698 1598 1732 anti-

953 1753 1082 1799 quiore
1111 1765 1150 1786 ac
1163 1752 1335 1789 Thebano
1355 1765 1393 1787 v.
1415 1754 1535 1800 Heyn.
1551 1752 1596 1787 ad
1643 1792 1646 1798 Ι

953 1807 1124 1854 Apollod.
1153 1821 1188 1855 p.
1213 1816 1303 1851 525.
1358 1810 1432 1842 Iam
1462 1820 1480 1842 e
1506 1819 1596 1854 quo-

953 1862 1108 1896 rundam
1173 1863 1379 1898 narratione
1434 1862 1596 1898 Bacchus

953 1917 1069 1952 sumta
1095 1916 1210 1951 leonis
1235 1917 1352 1952 forma
1378 1916 1447 1952 diis
1473 1917 1513 1951 in
1531 1917 1599 1951 hac

952 1985 1074 2022 pugna
1093 1973 1233 2012 aderat,
1261 1985 1352 2020 quos
1372 1972 1503 2008 Noster
1523 1972 1559 2006 h.
1571 1971 1597 2006 l.

952 2028 1125 2074 sequitur.
1176 2027 1310 2062 Eadem
1338 2028 1449 2083 specie
1475 2038 1597 2062 occur-

952 2083 1003 2116 1it
1019 2083 1167 2129 piratis
1159 2083 1254 2130 apud
1271 2085 1422 2118 Homer.
1424 2067 1594 2117 ineiusd.

954 2139 1002 2172 H
1032 2150 1069 2175 v
1099 2143 1162 2183 44-

954 2193 1101 2226 mutatis
1131 2193 1259 2227 formis
1282 2201 1406 2227 contra
1425 2192 1594 2242 Gigantas

953 2247 1078 2281 stetiffe
1111 2247 1196 2282 inde
1223 2260 1306 2282 curn
1353 2248 1509 2283 Gesneto
1548 2246 1595 2281 ad

953 2301 1192 2338 Claudianum
1212 2303 1401 2340 XXXVII.
1423 2309 1487 2346 51.
1527 2302 1596 2336 vix

951 2357 1155 2395 statuerim,
1195 2358 1346 2391 minime
1383 2366 1502 2392 autem
1523 2356 1595 2391 hoo

952 2425 998 2446 ex
1035 2412 1224 2448 Claudiani
1252 2412 1276 2447 l.
1297 2412 1321 2447 l.
1349 2411 1593 2460 probaverim,

952 2467 1244 2514 quandoquidem
1272 2467 1327 2502 ibi
1343 2468 1496 2502 Numina
1523 2479 1594 2500 om-

950 2524 1085 2569 nigenis
1102 2521 1233 2570 formis
1265 2522 1455 2561 dicuntur,
1507 2534 1594 2568 qua-

951 2587 1053 2611 tenus
1075 2578 1155 2612 sunt
1174 2577 1331 2612 diversae
1349 2577 1506 2618 Formae,
1532 2588 1593 2625 ge-

1122 2644 1164 2668 ae
1205 2631 1298 2671 loci.
1323 2631 1484 2680 adeoque
1522 2631 1591 2665 Dii

1457 2697 1591 2721 merim

948 2633 1045 2667 neris
1055 2657 1066 2672 ,

1236 2139 1333 2174 Narri
1361 2149 1484 2171 omnes
1509 2127 1595 2172 deos
1662 2174 1664 2177 ,
